1881 2723
897 244 965 275 150

228 346 252 380 fi
280 346 400 380 meide
427 345 546 381 Dieus
576 348 595 380 ό
622 346 673 381 les
693 347 836 382 Seintz·
888 347 949 382 En
980 348 1245 395 tesmoignanee
1272 349 1334 384 des
1360 362 1477 397 queus
1506 351 1625 387 choses

228 430 319 453 nous
353 430 479 453 auoms
512 418 578 453 fait
607 419 696 454 faire
725 420 832 454 cestes
858 419 980 454 lettres
1007 424 1148 455 ouertes
1173 420 1299 456 sealees
1325 421 1370 456 de
1403 433 1468 456 nos
1501 423 1622 458 seaus·

228 490 378 524 Donee's
406 491 483 537 [250.
502 495 545 524 ut
559 490 701 537 supra]

229 621 350 666 Item·
403 631 443 665 A
468 636 554 666 touz
582 643 686 666 ceaus
716 633 781 679 qui
807 633 913 667 eestes
938 632 1061 668 lettres
1090 638 1237 668 verront
1262 646 1310 669 ou
1336 639 1459 669 orront
1474 635 1624 670 [Adam

225 702 271 737 de
289 702 423 737 Bartofi
438 715 445 737 l
460 702 678 737 Alisaundre
696 703 741 736 de
757 703 993 749 Bondingtofi
1024 704 1220 751 chapeleyn
1235 717 1243 739 l
1258 705 1283 739 J
1285 705 1379 739 ohan
1396 705 1430 740 16
1445 706 1595 753 Harpur
1609 719 1621 741 t

225 773 251 807 J
253 773 347 807 ohan
374 773 419 807 de
447 773 573 808 Eccles
590 786 602 807 l
615 773 753 808 Roberf
787 774 832 808 de
858 774 1006 821 Afkeby
1022 788 1034 809 t
1050 775 1189 821 Rogier
1215 776 1260 810 de
1277 776 1598 812 lVestlommesdeR
1612 790 1624 812 l

227 843 286 878 del
305 844 450 878 Counte
471 844 516 877 de
533 843 712 890 Berewyk
727 857 739 878 s
756 845 906 879 Patrick
937 845 983 880 de
1009 845 1170 881 Pollewe
1201 846 1259 880 del
1286 847 1431 882 Counte
1457 847 1502 882 de
1519 847 1602 895 Fyf
1614 861 1626 883 l

228 914 374 960 Geffrey
392 913 426 948 16
442 913 488 947 fiz
503 914 676 949 Wautier
691 928 703 949 l
717 914 934 950 Alisaundre
952 916 986 950 le
1002 917 1049 951 fiz
1063 917 1193 964 Henry
1207 918 1252 952 de
1265 918 1448 953 Cauertofi
1462 931 1470 954 l
1485 919 1627 966 Rogier

229 984 286 1019 del
305 984 427 1019 Grene
442 998 453 1019 l
467 984 525 1019 del
544 985 690 1020 Counte
716 986 761 1020 de
786 986 1005 1034 Rokesburg
1020 1000 1031 1021 s
1044 987 1204 1022 Thomas
1221 988 1363 1036 Walgh
1380 1002 1391 1023 l
1407 989 1466 1024 (161
1483 990 1629 1025 Counte

227 1055 272 1090 (16
301 1055 458 1091 Pebbles
472 1069 483 1090 s
497 1056 636 1092 Roberf
668 1057 714 1092 de
744 1057 940 1104 Elmelegh
966 1058 1024 1093 del
1043 1059 1189 1094 Counte
1215 1059 1260 1093 de
1278 1060 1453 1095 Aberde‘fi
1469 1073 1476 1095 1
1493 1061 1630 1096 Mestre

228 1127 357 1174 Henry
368 1128 414 1162 (16
429 1128 611 1176 Striuelyn
621 1128 698 1163 sdel
712 1131 855 1164 Counte
872 1131 916 1164 de
930 1130 1112 1177 Striuelyn
1123 1130 1357 1166 tMaucolum
1375 1132 1461 1166 Mae
1473 1132 1629 1167 Cuffokl

227 1198 463 1234 Barthelmeu
494 1199 539 1234 de
568 1200 783 1247 Egglesh‘m
810 1214 821 1235 s
844 1201 1022 1248 chapelyn
1043 1214 1054 1236 t
1070 1201 1231 1236 Gardein
1266 1202 1311 1237 de
1341 1203 1461 1238 Nouel
1491 1203 1551 1238 leu
1586 1203 1631 1238 de

228 1270 415 1304 Seneware
431 1284 442 1305 s
456 1271 624 1305 William
657 1271 692 1306 16
726 1272 866 1306 Taillur
881 1285 892 1307 s
905 1273 1035 1307 Patrik
1065 1272 1111 1307 fiz
1144 1273 1301 1308 Matheu
1329 1274 1375 1309 de
1404 1274 1541 1309 Partofi
1572 1275 1631 1310 del

230 1341 375 1376 Counte
405 1341 451 1376 de
482 1342 645 1377 Dunfres
662 1356 672 1377 Ι
687 1343 838 1377 Mabille
864 1344 909 1378 de
936 1344 1145 1391 Cungelto‘fi
1163 1358 1173 1378 s
1190 1345 1330 1380 Martin
1348 1345 1407 1380 del
1426 1345 1630 1381 Chaundeil

228 1412 287 1446 del
305 1413 449 1447 Counte
467 1413 512 1447 de
530 1414 780 1461 Edeneburgh
797 1427 808 1448 s
821 1415 952 1449 Patrik
978 1416 1023 1450 de
1044 1416 1198 1462 Aghlek
1213 1428 1221 1451 l
1235 1416 1366 1451 Patrik
1391 1417 1437 1451 de
1463 1418 1629 1465 Moring-

228 1485 291 1518 tofi
307 1496 314 1518 l
328 1485 452 1519 Pieres
481 1486 612 1532 Kenyn
629 1498 640 1519 l
655 1485 825 1520 william
861 1486 919 1520 del
954 1486 1135 1533 Grenerig
1154 1500 1165 1521 l
1185 1487 1327 1534 Fergus
1361 1488 1407 1522 de
1441 1489 1536 1523 Bard
1570 1489 1629 1524 del

229 1555 375 1590 Counte
393 1555 438 1590 de
456 1556 603 1591 Lanark
620 1556 715 1591 saluz
728 1575 738 1585 ·
782 1558 862 1592 Pur
879 1569 941 1592 ceo
974 1560 1050 1605 [ἑῇς.
1068 1563 1108 1593 ut
1123 1559 1267 1606 supra]
1308 1559 1457 1595 Done'es
1485 1563 1564 1608 [ἐξα.
1592 1567 1632 1596 ut

229 1627 373 1674 supra]

231 1759 332 1804 Item
382 1770 422 1804 A
439 1773 526 1803 touz
546 1781 649 1804 eeaus
668 1770 732 1816 qui
750 1770 857 1805 eestes
874 1770 997 1805 lettres
1015 1774 1164 1805 verront
1182 1783 1230 1806 ou
1249 1776 1373 1806 orront
1386 1785 1397 1806 l
1412 1771 1567 1807 Matheu
1582 1773 1628 1808 de

228 1839 420 1874 Grenlawe
448 1839 495 1874 fiz
516 1841 568 1875 W
573 1840 685 1875 illiam
715 1841 761 1875 de
790 1841 1129 1877 GrenlawetNieol
1155 1842 1556 1890 Camp5r0n1William
1584 1844 1630 1879 de

230 1910 365 1957 Nesbyt
381 1924 392 1945 s
407 1911 574 1946 william
600 1912 745 1947 Vicaire
780 1912 839 1947 del
873 1913 996 1960 Eglise
1029 1913 1074 1948 de
1107 1913 1141 1948 la
1175 1914 1317 1949 Trinite
1347 1914 1392 1949 de
1422 1914 1604 1961 Berewyk
1617 1928 1628 1949 l

231 1981 402 2016 VVautier
419 1983 464 2017 de
480 1984 625 2018 Fentoffi
641 1998 652 2018 l
670 1984 799 2032 Henry
817 1985 862 2019 de
885 1985 1058 2020 Swenton
1076 1997 1084 2020 l
1100 1986 1126 2021 J
1128 1985 1220 2020 ohan
1240 1985 1299 2020 del
1317 1985 1413 2020 Park
1431 1986 1602 2021 Chiualer
1614 2000 1626 2021 l

231 2053 254 2086 J
256 2052 349 2086 ohan
367 2052 400 2087 le
417 2053 464 2088 fiz
483 2055 657 2089 VVautier
674 2055 720 2090 de
738 2056 979 2103 Kymbregan
997 2069 1009 2090 s
1021 2056 1142 2091 'rhoffi
1168 2056 1213 2090 de
1239 2056 1425 2103 Creghton
1444 2069 1452 2092 ι
1468 2057 1629 2092 Richard

233 2123 389 2171 Norreys
403 2137 414 2158 s
427 2124 539 2158 Alain
574 2126 619 2159 de
653 2126 853 2161 Elfinestofi
870 2140 882 2161 l
897 2127 1022 2162 Adam
1056 2127 1102 2162 de
1135 2127 1265 2173 Badby
1299 2127 1344 2162 de
1378 2127 1603 2163 Lambretofi
1617 2142 1625 2164 l

233 2194 362 2242 Henry
392 2195 438 2229 de
468 2196 706 2243 Prendregast
725 2210 736 2231 s
754 2197 926 2231 Wautier
954 2197 989 2232 le
1017 2197 1172 2244 Moigne
1189 2211 1201 2232 l
1219 2197 1353 2232 Mestre
1387 2198 1548 2233 Dunean
1582 2200 1629 2235 de

236 2266 373 2313 Carryk
388 2279 399 2300 l
412 2267 499 2301 Ade
517 2267 562 2301 de
579 2267 704 2302 Fraser
721 2267 894 2303 Prioreffe
911 2268 956 2303 de
974 2268 1100 2303 Eccles
1114 2282 1125 2303 s
1140 2268 1248 2304 Nicol
1261 2269 1306 2304 de
1319 2270 1465 2305 Paxtofi
1478 2283 1490 2305 l
1502 2270 1627 2306 Adam

236 2338 281 2372 de
309 2339 556 2373 Lummesdefi
575 2351 582 2374 t
598 2339 738 2386 Rogier
771 2339 1139 2387 ElyffonetThomas
1165 2340 1211 2375 de
1237 2340 1554 2389 NesebytzJohan
1584 2342 1630 2378 de
