1881 2723
927 184 996 217 154

269 285 386 320 choses
407 300 418 317 ι
437 297 528 321 nous
562 298 689 321 auoms
722 287 790 321 fait
814 287 901 322 faire
926 288 1033 323 cestes
1057 288 1180 323 lettres
1205 292 1346 323 ouertes
1371 288 1497 324 sealees
1523 288 1568 323 de
1590 299 1655 323 nos

265 357 364 391 seaus
379 376 387 385 ·
439 357 588 392 Donee's
633 361 707 406 [856.
726 363 766 393 ut
789 359 934 405 supra]

264 488 364 533 Item
381 518 388 525 ·
440 498 479 532 A
497 502 583 533 touz
609 510 713 533 ceaus
743 500 808 545 qui
837 500 944 534 eestes
968 500 1091 534 lettres
1120 504 1266 534 verront
1291 511 1339 533 ou
1364 503 1509 533 orront-
1536 498 1657 534 Johan

263 569 308 602 de
327 569 518 616 Garuyagh
536 569 594 603 del
612 569 757 604 Counte
774 570 819 604 de
835 570 1010 605 Aberdefi
1022 583 1034 604 l
1050 570 1172 617 Aleyn
1190 570 1236 604 fiz
1251 570 1409 604 Thomas
1427 570 1473 604 de
1492 570 1630 604 Fultofx
1644 582 1655 603 ι

262 638 369 673 Ν1601
386 639 430 673 (16
448 639 588 673 Fultofi
605 652 617 673 l
631 640 782 686 Witing
799 639 832 673 le
851 640 1002 686 Harpur
1018 653 1029 674 s
1043 640 1101 674 del
1121 641 1265 675 Counte
1289 640 1334 674 de
1353 640 1499 675 Lanark
1515 641 1561 675 [J
1564 640 1657 674 ohan

261 710 306 744 de
324 710 443 745 Skene
459 723 467 745 l
485 710 613 744 Patrik
640 710 685 744 de
705 710 824 744 Skene
841 722 852 743 s
867 710 892 745 J
895 711 987 744 ohan
1009 711 1091 757 Lyp
1110 710 1190 745 'del
1216 711 1361 745 Counte
1386 711 1432 745 de
1457 711 1631 746 Aberdefi
1644 724 1657 744 t

259 780 417 815 Thomas
443 780 477 814 16
494 781 604 815 Ewer
633 780 691 814 del
717 780 862 814 Counte
892 780 937 814 de
964 781 1239 827 Edeneburght
1258 781 1377 816 Johan
1404 781 1451 815 fiz
1469 781 1656 817 Randolfr

263 852 308 886 de
326 851 488 886 Fediche
516 850 575 885 del
593 852 738 886 Counte
763 851 808 885 de
827 851 895 886 Fif
904 865 915 886 l
930 852 1101 886 VVautier
1120 851 1214 886 Bisef
1232 851 1289 886 del
1308 853 1454 887 Counte
1476 852 1522 886 de
1539 852 1658 888 Aber-

260 923 329 958 (16ῑῖ
349 935 360 956 ι’
377 922 537 957 Thomas
571 922 771 969 Purdeuyn
792 935 804 956 l
823 922 951 957 Pan-ik
991 922 1253 958 Gileristeffone
1281 935 1292 957 l
1316 923 1437 958 Johan
1472 923 1625 959 Manuel
1644 937 1657 958 l

262 993 387 1027 Adam
407 992 562 1027 Gurdofi
578 1009 588 1026 ι
602 993 627 1028 J
629 993 723 1027 ohan
741 993 786 1028 de
804 994 1054 1041 Bondyngtofi
1081 993 1192 1029 Clerk
1217 994 1275 1028 del
1294 994 1439 1029 Counte
1459 995 1505 1028 de
1523 995 1657 1030 Striue-

258 1064 308 1098 lin
323 1076 335 1098 l
347 1063 516 1098 William
541 1064 586 1098 de
605 1064 725 1112 Cluny
741 1078 752 1099 s
766 1064 971 1099 chauntour
1000 1065 1045 1099 de
1062 1064 1233 1112 Breghyn
1259 1065 1317 1099 del
1336 1065 1480 1100 Counte
1505 1066 1550 1100 de
1567 1066 1657 1100 For-

258 1136 330 1170 fare
342 1148 354 1169 l
368 1136 497 1171 Patrik
513 1136 558 1170 de
573 1136 751 1184 Blauntyr
768 1136 826 1170 del
846 1136 990 1171 Counte
1008 1137 1053 1170 de
1073 1136 1259 1182 Striuelyn
1275 1149 1286 1170 l
1302 1137 1431 1184 Henry
1449 1136 1495 1172 de
1514 1136 1648 1172 Striue-

259 1207 309 1241 lin
328 1208 477 1254 persone
494 1207 553 1241 del
572 1208 694 1254 Eglise
708 1208 754 1242 de
771 1208 1257 1255 UpsetelyngtofisSymund
1271 1208 1316 1243 de
1330 1208 1653 1256 Lychardeswodel

260 1278 415 1313 Peronel
433 1279 478 1313 de
496 1279 700 1324 Veupount
718 1292 729 1313 s
746 1279 870 1313 Adam
883 1280 928 1313 de
942 1279 1124 1313 Kirketofi
1137 1292 1149 1313 t
1165 1279 1223 1313 del
1238 1279 1382 1315 Counte
1399 1279 1444 1314 de
1456 1279 1632 1327 Berewyk
1643 1292 1655 1314 l

259 1348 432 1384 Cristiane
450 1349 495 1382 de
513 1348 756 1383 Greneheued
774 1349 832 1383 del
857 1349 1003 1384 Counte
1030 1349 1076 1384 de
1094 1349 1238 1384 Selkirk
1253 1362 1261 1385 l
1276 1350 1397 1385 Johan
1424 1350 1471 1385 de
1495 1350 1656 1397 Pedgro-

259 1422 354 1467 geny
371 1419 429 1454 del
457 1420 603 1454 Counte
630 1420 675 1453 de
702 1420 817 1454 Perth
832 1432 843 1453 s
859 1419 1003 1467 Geffray
1031 1420 1065 1454 16
1094 1420 1265 1454 Bakester
1292 1420 1337 1454 (16
1355 1420 1515 1454 Loffithe
1530 1433 1541 1455 l
1556 1421 1654 1456 Lau-

257 1502 360 1525 renez
381 1491 426 1525 de
445 1490 615 1538 Lekathy
633 1504 644 1525 s
660 1491 783 1525 Adam
811 1491 857 1525 fiz
878 1491 1005 1525 Dauid
1029 1490 1088 1525 del
1112 1490 1256 1525 Counte
1281 1491 1327 1525 de
1345 1491 1492 1526 Forfare
1507 1505 1518 1526 l
1533 1492 1651 1527 Johan

259 1563 395 1609 Legun
411 1575 422 1596 l
437 1561 482 1596 de
498 1561 684 1608 Rothegle
701 1560 760 1596 del
774 1562 919 1596 Counte
938 1562 983 1596 de
997 1561 1145 1596 Lanark
1161 1574 1172 1596 s
1184 1562 1210 1596 J
1212 1561 1305 1596 ohan
1317 1562 1419 1596 Brun
1438 1562 1496 1596 del
1510 1562 1654 1598 Counte

259 1633 303 1667 de
322 1632 499 1680 Berewyk
512 1646 523 1667 t
540 1632 700 1667 Thomas
718 1633 763 1667 (16
781 1633 935 1679 Boghan
953 1645 961 1668 l
977 1633 1119 1668 Robert
1144 1633 1327 1667 Foreman
1352 1633 1410 1667 del
1437 1633 1582 1668 Counte
1607 1634 1654 1668 de

260 1704 508 1750 Edeneburgh
517 1704 678 1739 [Robert
691 1704 736 1738 de
751 1704 909 1738 Chattofi
924 1717 932 1739 l
947 1704 1072 1739 Huwe
1086 1704 1131 1738 de
1145 1703 1426 1751 Hextildespeth
1440 1704 1498 1739 del
1510 1704 1655 1740 Counte

259 1775 304 1808 de
338 1774 579 1821 Rokefburgh
595 1787 602 1810 l
623 1774 791 1809 William
809 1775 978 1823 Gardeyn
996 1775 1054 1809 del
1073 1775 1217 1810 Counte
1234 1775 1279 1809 de
1294 1775 1442 1810 Forfare
1456 1787 1468 1810 l
1484 1775 1654 1811 William

260 1846 306 1879 fiz
337 1845 495 1880 Andreu
525 1845 571 1879 de
600 1846 767 1892 Douglas
787 1859 798 1880 l
813 1846 872 1880 del
906 1845 1051 1881 Counte
1084 1846 1129 1880 de
1163 1846 1332 1881 Linleseu
1351 1859 1363 1881 l
1385 1846 1416 1881 F
1418 1858 1495 1881 rere
1528 1846 1654 1882 Adam

259 1916 420 1950 ministre
446 1915 505 1950 del
523 1916 641 1951 Ordre
666 1917 711 1951 de
735 1916 769 1951 13
787 1917 930 1952 Trinite
960 1917 1005 1952 de
1022 1917 1223 1964 Berewyks
1238 1917 1368 1952 Patrik
1385 1917 1419 1952 16
1437 1918 1522 1952 Scot
1539 1930 1546 1953 t
1563 1918 1653 1953 Cris-

261 1987 358 2020 tiane
376 1987 587 2022 Atteboehe
605 1988 650 2022 de
667 1988 843 2035 Berewyk
858 2001 866 2023 l
884 1988 995 2023 Frere
1020 1989 1179 2023 Thomas
1204 1989 1314 2023 Abbe
1343 1989 1388 2023 de
1406 1989 1625 2024 Inchaufrau
1640 2002 1653 2023 l

258 2057 376 2091 saluz·
414 2058 493 2092 Pur
519 2070 582 2092 ceo
599 2071 644 2105 qe
672 2070 764 2093 nous
792 2060 910 2094 sumes
927 2071 1046 2095 venuz
1065 2060 1084 2094 25.
1100 2060 1134 2094 la
1162 2059 1215 2094 foi
1235 2072 1243 2094 ι
1264 2062 1284 2094 6
1311 2060 1330 2093 fi
1357 2059 1391 2094 Ia
1419 2059 1572 2094 volunte
1601 2060 1652 2096 du

259 2128 435 2163 tresnoble
454 2128 585 2163 Prince
601 2142 608 2163 l
626 2130 644 2163 6
662 2129 779 2164 nostre
795 2130 892 2164 chier
910 2130 1086 2177 Seigneur
1112 2130 1188 2165 Sire
1213 2129 1374 2165 Edward
1400 2142 1464 2177 par
1489 2130 1524 2165 13
1547 2143 1652 2177 grace

262 2200 356 2234 Dieu
374 2199 450 2235 Roi
464 2187 668 2246 Dengle‘Fre
683 2212 691 2235 l
707 2200 883 2247 Seigneur
900 2200 1057 2234 Dirland
1072 2213 1084 2234 l
1098 2202 1118 2234 6
1138 2200 1240 2235 Ducs
1258 2201 1509 2248 Daquitaigne
1525 2202 1651 2238 lNous

260 2274 498 2317 promettoms
527 2282 597 2317 pur
624 2282 715 2306 nous
743 2272 763 2305 6
790 2283 859 2318 pur
884 2282 948 2306 nos
965 2271 1058 2306 heirs
1078 2284 1089 2306 l
1108 2271 1166 2306 sur
1183 2271 1288 2318 peine
1305 2271 1351 2307 de
1367 2283 1443 2308 cors
1460 2273 1481 2308 6
1498 2272 1624 2308 dauoir
1637 2286 1650 2308 ι
