<?xml version="1.0" encoding="UTF-8"?>
<!DOCTYPE html PUBLIC "-//W3C//DTD XHTML 1.0 Transitional//EN"
    "http://www.w3.org/TR/xhtml1/DTD/xhtml1-transitional.dtd">
<html xmlns="http://www.w3.org/1999/xhtml" xml:lang="en" lang="en">
 <head>
  <title>
</title>
<meta http-equiv="Content-Type" content="text/html;charset=utf-8" />
  <meta name='ocr-system' content='tesseract 3.04.00' />
  <meta name='ocr-capabilities' content='ocr_page ocr_carea ocr_par ocr_line ocrx_word'/>
</head>
<body>
  <div class='ocr_page' id='page_1' title='image "./instrumentapubli00bann/instrumentapubli00bann_0194.png"; bbox 0 0 1881 2723; ppageno 0'>
   <div class='ocr_carea' id='block_1_1' title="bbox 927 206 995 240">
    <p class='ocr_par' dir='ltr' id='par_1_1' title="bbox 927 206 995 240">
     <span class='ocr_line' id='line_1_1' title="bbox 927 206 995 240; baseline 0.015 -1"><span class='ocrx_word' id='word_1_1' title='bbox 927 206 995 240; x_wconf 72' lang='lat'>164</span> 
     </span>
    </p>
   </div>
   <div class='ocr_carea' id='block_1_2' title="bbox 266 311 1664 2333">
    <p class='ocr_par' dir='ltr' id='par_1_2' title="bbox 266 311 1664 2333">
     <span class='ocr_line' id='line_1_2' title="bbox 267 311 1652 358; baseline -0.001 -12"><span class='ocrx_word' id='word_1_2' title='bbox 267 312 311 346; x_wconf 89' lang='lat' dir='ltr'>de</span> <span class='ocrx_word' id='word_1_3' title='bbox 328 312 450 346; x_wconf 85' lang='lat' dir='ltr'>Victie</span> <span class='ocrx_word' id='word_1_4' title='bbox 474 313 580 356; x_wconf 84' lang='lat' dir='ltr'>psone</span> <span class='ocrx_word' id='word_1_5' title='bbox 597 311 655 346; x_wconf 92' lang='lat' dir='ltr'>del</span> <span class='ocrx_word' id='word_1_6' title='bbox 673 312 792 358; x_wconf 82' lang='lat' dir='ltr'>Eglise</span> <span class='ocrx_word' id='word_1_7' title='bbox 811 311 855 345; x_wconf 89' lang='lat' dir='ltr'>de</span> <span class='ocrx_word' id='word_1_8' title='bbox 873 311 1028 358; x_wconf 65' lang='lat' dir='ltr'>Edenyn</span> <span class='ocrx_word' id='word_1_9' title='bbox 1045 311 1200 346; x_wconf 70' lang='lat' dir='ltr'>[Mestre</span> <span class='ocrx_word' id='word_1_10' title='bbox 1221 311 1326 345; x_wconf 84' lang='lat' dir='ltr'>Nicol</span> <span class='ocrx_word' id='word_1_11' title='bbox 1343 311 1388 345; x_wconf 91' lang='lat' dir='ltr'>de</span> <span class='ocrx_word' id='word_1_12' title='bbox 1408 311 1553 345; x_wconf 69' lang='lat' dir='ltr'>Mertofi</span> <span class='ocrx_word' id='word_1_13' title='bbox 1570 321 1652 357; x_wconf 53' lang='lat' dir='ltr'>per-2</span> 
     </span>
     <span class='ocr_line' id='line_1_3' title="bbox 266 381 1650 429; baseline -0.002 -12"><span class='ocrx_word' id='word_1_14' title='bbox 266 383 348 417; x_wconf 91' lang='lat' dir='ltr'>sone</span> <span class='ocrx_word' id='word_1_15' title='bbox 365 383 422 417; x_wconf 90' lang='lat' dir='ltr'>del</span> <span class='ocrx_word' id='word_1_16' title='bbox 441 383 562 429; x_wconf 83' lang='lat' dir='ltr'>Eglise</span> <span class='ocrx_word' id='word_1_17' title='bbox 588 383 632 416; x_wconf 91' lang='lat' dir='ltr'>de</span> <span class='ocrx_word' id='word_1_18' title='bbox 651 383 840 428; x_wconf 80' lang='lat' dir='ltr'>Kynathes</span> <span class='ocrx_word' id='word_1_19' title='bbox 856 395 867 416; x_wconf 76' lang='lat' dir='ltr'><em>s</em></span> <span class='ocrx_word' id='word_1_20' title='bbox 885 383 1018 417; x_wconf 89' lang='lat' dir='ltr'>Mestre</span> <span class='ocrx_word' id='word_1_21' title='bbox 1036 382 1155 417; x_wconf 85' lang='lat' dir='ltr'>Johan</span> <span class='ocrx_word' id='word_1_22' title='bbox 1175 382 1410 429; x_wconf 64' lang='lat' dir='ltr'>Ereedyakne</span> <span class='ocrx_word' id='word_1_23' title='bbox 1426 381 1650 427; x_wconf 69' lang='lat' dir='ltr'>Breghinens</span> 
     </span>
     <span class='ocr_line' id='line_1_4' title="bbox 267 452 1649 488; baseline -0.001 -1"><span class='ocrx_word' id='word_1_24' title='bbox 267 453 325 487; x_wconf 89' lang='lat' dir='ltr'>del</span> <span class='ocrx_word' id='word_1_25' title='bbox 344 454 474 488; x_wconf 88' lang='lat' dir='ltr'>Comte</span> <span class='ocrx_word' id='word_1_26' title='bbox 492 453 537 488; x_wconf 86' lang='lat' dir='ltr'>de</span> <span class='ocrx_word' id='word_1_27' title='bbox 555 453 704 488; x_wconf 79' lang='lat' dir='ltr'>Forfare</span> <span class='ocrx_word' id='word_1_28' title='bbox 722 466 728 488; x_wconf 71' lang='lat' dir='ltr'><em>s</em></span> <span class='ocrx_word' id='word_1_29' title='bbox 747 453 886 488; x_wconf 62' lang='lat' dir='ltr'>Roberf</span> <span class='ocrx_word' id='word_1_30' title='bbox 911 454 956 487; x_wconf 85' lang='lat' dir='ltr'>de</span> <span class='ocrx_word' id='word_1_31' title='bbox 974 453 1157 488; x_wconf 81' lang='lat' dir='ltr'>Montfort</span> <span class='ocrx_word' id='word_1_32' title='bbox 1182 453 1240 487; x_wconf 92' lang='lat' dir='ltr'>del</span> <span class='ocrx_word' id='word_1_33' title='bbox 1267 453 1410 487; x_wconf 86' lang='lat' dir='ltr'>Counte</span> <span class='ocrx_word' id='word_1_34' title='bbox 1436 453 1481 486; x_wconf 86' lang='lat' dir='ltr'>de</span> <span class='ocrx_word' id='word_1_35' title='bbox 1500 452 1649 486; x_wconf 85' lang='lat' dir='ltr'>Kincar-</span> 
     </span>
     <span class='ocr_line' id='line_1_5' title="bbox 268 522 1652 571; baseline -0.002 -13"><span class='ocrx_word' id='word_1_36' title='bbox 268 524 343 570; x_wconf 87' lang='lat' dir='ltr'>dyn</span> <span class='ocrx_word' id='word_1_37' title='bbox 369 525 406 558; x_wconf 89' lang='lat' dir='ltr'>in</span> <span class='ocrx_word' id='word_1_38' title='bbox 433 525 617 559; x_wconf 79' lang='lat' dir='ltr'>Mierness</span> <span class='ocrx_word' id='word_1_39' title='bbox 632 525 788 559; x_wconf 85' lang='lat' dir='ltr'>Andreu</span> <span class='ocrx_word' id='word_1_40' title='bbox 813 526 961 571; x_wconf 77' lang='lat' dir='ltr'>persone</span> <span class='ocrx_word' id='word_1_41' title='bbox 986 524 1044 558; x_wconf 87' lang='lat' dir='ltr'>del</span> <span class='ocrx_word' id='word_1_42' title='bbox 1068 524 1188 570; x_wconf 84' lang='lat' dir='ltr'>Eglise</span> <span class='ocrx_word' id='word_1_43' title='bbox 1219 524 1263 558; x_wconf 91' lang='lat' dir='ltr'>de</span> <span class='ocrx_word' id='word_1_44' title='bbox 1290 523 1447 569; x_wconf 87' lang='lat' dir='ltr'>Fylorth</span> <span class='ocrx_word' id='word_1_45' title='bbox 1463 539 1472 556; x_wconf 72' lang='lat' dir='ltr'><em>s</em></span> <span class='ocrx_word' id='word_1_46' title='bbox 1489 522 1652 557; x_wconf 52' lang='lat' dir='ltr'>XVautier</span> 
     </span>
     <span class='ocr_line' id='line_1_6' title="bbox 268 592 1652 641; baseline -0.001 -13"><span class='ocrx_word' id='word_1_47' title='bbox 268 594 402 629; x_wconf 88' lang='lat' dir='ltr'>Mestre</span> <span class='ocrx_word' id='word_1_48' title='bbox 427 595 485 629; x_wconf 91' lang='lat' dir='ltr'>del</span> <span class='ocrx_word' id='word_1_49' title='bbox 512 595 679 641; x_wconf 85' lang='lat' dir='ltr'>Hospital</span> <span class='ocrx_word' id='word_1_50' title='bbox 705 596 750 629; x_wconf 88' lang='lat' dir='ltr'>de</span> <span class='ocrx_word' id='word_1_51' title='bbox 779 595 977 629; x_wconf 85' lang='lat' dir='ltr'>Kincardin</span> <span class='ocrx_word' id='word_1_52' title='bbox 1002 596 1060 629; x_wconf 89' lang='lat' dir='ltr'>sur</span> <span class='ocrx_word' id='word_1_53' title='bbox 1085 595 1197 629; x_wconf 86' lang='lat' dir='ltr'>Neele</span> <span class='ocrx_word' id='word_1_54' title='bbox 1224 607 1232 628; x_wconf 86' lang='lat' dir='ltr'><em>l</em></span> <span class='ocrx_word' id='word_1_55' title='bbox 1255 594 1387 628; x_wconf 88' lang='lat' dir='ltr'>Mestre</span> <span class='ocrx_word' id='word_1_56' title='bbox 1417 593 1581 628; x_wconf 85' lang='lat' dir='ltr'>William</span> <span class='ocrx_word' id='word_1_57' title='bbox 1607 592 1652 626; x_wconf 92' lang='grc'>(16</span> 
     </span>
     <span class='ocr_line' id='line_1_7' title="bbox 270 662 1654 711; baseline -0.002 -12"><span class='ocrx_word' id='word_1_58' title='bbox 270 665 410 699; x_wconf 89' lang='lat' dir='ltr'>Dunde</span> <span class='ocrx_word' id='word_1_59' title='bbox 424 678 434 699; x_wconf 77' lang='lat' dir='ltr'><strong><em>s</em></strong></span> <span class='ocrx_word' id='word_1_60' title='bbox 447 666 593 711; x_wconf 84' lang='lat' dir='ltr'>persone</span> <span class='ocrx_word' id='word_1_61' title='bbox 611 665 668 699; x_wconf 91' lang='lat' dir='ltr'>del</span> <span class='ocrx_word' id='word_1_62' title='bbox 686 665 807 710; x_wconf 82' lang='lat' dir='ltr'>Eglise</span> <span class='ocrx_word' id='word_1_63' title='bbox 825 665 869 699; x_wconf 87' lang='lat' dir='ltr'>de</span> <span class='ocrx_word' id='word_1_64' title='bbox 887 665 1032 711; x_wconf 68' lang='lat' dir='ltr'>Aluyth</span> <span class='ocrx_word' id='word_1_65' title='bbox 1046 677 1058 698; x_wconf 78' lang='lat' dir='ltr'><em>s</em></span> <span class='ocrx_word' id='word_1_66' title='bbox 1073 664 1241 710; x_wconf 87' lang='lat' dir='ltr'>Ferghus</span> <span class='ocrx_word' id='word_1_67' title='bbox 1267 664 1467 709; x_wconf 87' lang='lat' dir='ltr'>chanoigne</span> <span class='ocrx_word' id='word_1_68' title='bbox 1485 664 1529 697; x_wconf 88' lang='lat' dir='ltr'>de</span> <span class='ocrx_word' id='word_1_69' title='bbox 1543 662 1654 697; x_wconf 92' lang='lat' dir='ltr'>Abir-</span> 
     </span>
     <span class='ocr_line' id='line_1_8' title="bbox 270 733 1655 771; baseline -0.003 -1"><span class='ocrx_word' id='word_1_70' title='bbox 270 736 340 770; x_wconf 71' lang='lat' dir='ltr'>defi</span> <span class='ocrx_word' id='word_1_71' title='bbox 366 736 424 770; x_wconf 84' lang='lat' dir='ltr'>del</span> <span class='ocrx_word' id='word_1_72' title='bbox 451 736 595 771; x_wconf 89' lang='lat' dir='ltr'>Counte</span> <span class='ocrx_word' id='word_1_73' title='bbox 621 736 665 769; x_wconf 86' lang='lat' dir='ltr'>de</span> <span class='ocrx_word' id='word_1_74' title='bbox 690 735 856 770; x_wconf 72' lang='lat' dir='ltr'>Abirdefi</span> <span class='ocrx_word' id='word_1_75' title='bbox 875 751 885 767; x_wconf 84' lang='lat' dir='ltr'><em>l</em></span> <span class='ocrx_word' id='word_1_76' title='bbox 905 735 1025 769; x_wconf 82' lang='lat' dir='ltr'>Johan</span> <span class='ocrx_word' id='word_1_77' title='bbox 1051 735 1096 768; x_wconf 86' lang='lat' dir='ltr'>de</span> <span class='ocrx_word' id='word_1_78' title='bbox 1122 734 1374 768; x_wconf 86' lang='lat' dir='ltr'>Aberkerthor</span> <span class='ocrx_word' id='word_1_79' title='bbox 1389 746 1400 767; x_wconf 76' lang='lat' dir='ltr'><em>t</em></span> <span class='ocrx_word' id='word_1_80' title='bbox 1417 733 1585 767; x_wconf 85' lang='lat' dir='ltr'>William</span> <span class='ocrx_word' id='word_1_81' title='bbox 1610 733 1655 767; x_wconf 90' lang='lat' dir='ltr'>de</span> 
     </span>
     <span class='ocr_line' id='line_1_9' title="bbox 274 797 1657 852; baseline -0.002 -12"><span class='ocrx_word' id='word_1_82' title='bbox 274 806 555 852; x_wconf 82' lang='lat' dir='ltr'>Kircuthbright</span> <span class='ocrx_word' id='word_1_83' title='bbox 575 822 584 838; x_wconf 73' lang='lat' dir='ltr'><em>s</em></span> <span class='ocrx_word' id='word_1_84' title='bbox 604 807 731 840; x_wconf 90' lang='lat' dir='ltr'>mestre</span> <span class='ocrx_word' id='word_1_85' title='bbox 764 805 820 839; x_wconf 91' lang='lat' dir='ltr'>del</span> <span class='ocrx_word' id='word_1_86' title='bbox 858 804 1026 851; x_wconf 85' lang='lat' dir='ltr'>Hospital</span> <span class='ocrx_word' id='word_1_87' title='bbox 1055 804 1100 838; x_wconf 89' lang='lat' dir='ltr'>de</span> <span class='ocrx_word' id='word_1_88' title='bbox 1133 797 1296 850; x_wconf 78' lang='lat' dir='ltr'>Turryth</span> <span class='ocrx_word' id='word_1_89' title='bbox 1317 817 1328 838; x_wconf 85' lang='lat' dir='ltr'><em>l</em></span> <span class='ocrx_word' id='word_1_90' title='bbox 1347 804 1404 838; x_wconf 89' lang='grc'>(161</span> <span class='ocrx_word' id='word_1_91' title='bbox 1434 804 1579 838; x_wconf 84' lang='lat' dir='ltr'>Counte</span> <span class='ocrx_word' id='word_1_92' title='bbox 1612 803 1657 836; x_wconf 87' lang='lat' dir='ltr'>de</span> 
     </span>
     <span class='ocr_line' id='line_1_10' title="bbox 272 874 1654 922; baseline -0.002 -12"><span class='ocrx_word' id='word_1_93' title='bbox 272 876 371 912; x_wconf 87' lang='lat' dir='ltr'>Banf</span> <span class='ocrx_word' id='word_1_94' title='bbox 385 889 396 910; x_wconf 81' lang='lat' dir='ltr'><em>s</em></span> <span class='ocrx_word' id='word_1_95' title='bbox 411 877 561 922; x_wconf 83' lang='lat' dir='ltr'>Anegos</span> <span class='ocrx_word' id='word_1_96' title='bbox 587 876 632 909; x_wconf 90' lang='lat' dir='ltr'>de</span> <span class='ocrx_word' id='word_1_97' title='bbox 656 875 874 910; x_wconf 85' lang='lat' dir='ltr'>Rotheneck</span> <span class='ocrx_word' id='word_1_98' title='bbox 889 888 901 909; x_wconf 85' lang='lat' dir='ltr'><em>l</em></span> <span class='ocrx_word' id='word_1_99' title='bbox 918 875 1090 910; x_wconf 80' lang='lat' dir='ltr'>VVautier</span> <span class='ocrx_word' id='word_1_100' title='bbox 1107 874 1238 909; x_wconf 88' lang='lat' dir='ltr'>Herok</span> <span class='ocrx_word' id='word_1_101' title='bbox 1253 887 1265 909; x_wconf 83' lang='lat' dir='ltr'><em>l</em></span> <span class='ocrx_word' id='word_1_102' title='bbox 1285 875 1411 908; x_wconf 75' lang='lat' dir='ltr'>Dee‘ns</span> <span class='ocrx_word' id='word_1_103' title='bbox 1429 874 1474 908; x_wconf 92' lang='lat' dir='ltr'>de</span> <span class='ocrx_word' id='word_1_104' title='bbox 1494 874 1635 908; x_wconf 88' lang='lat' dir='ltr'>Morref</span> <span class='ocrx_word' id='word_1_105' title='bbox 1644 890 1654 906; x_wconf 77' lang='lat' dir='ltr'><em>l</em></span> 
     </span>
     <span class='ocr_line' id='line_1_11' title="bbox 273 944 1664 993; baseline -0.003 -11"><span class='ocrx_word' id='word_1_106' title='bbox 273 947 417 993; x_wconf 65' lang='lat' dir='ltr'>Austyn</span> <span class='ocrx_word' id='word_1_107' title='bbox 443 947 477 981; x_wconf 91' lang='lat' dir='ltr'>le</span> <span class='ocrx_word' id='word_1_108' title='bbox 494 947 625 981; x_wconf 83' lang='lat' dir='ltr'>vicaire</span> <span class='ocrx_word' id='word_1_109' title='bbox 642 946 700 980; x_wconf 84' lang='lat' dir='ltr'>del</span> <span class='ocrx_word' id='word_1_110' title='bbox 719 946 840 993; x_wconf 84' lang='lat' dir='ltr'>Eglise</span> <span class='ocrx_word' id='word_1_111' title='bbox 870 946 915 981; x_wconf 89' lang='lat' dir='ltr'>de</span> <span class='ocrx_word' id='word_1_112' title='bbox 932 945 1159 992; x_wconf 81' lang='lat' dir='ltr'>Boterothyn</span> <span class='ocrx_word' id='word_1_113' title='bbox 1178 958 1186 980; x_wconf 85' lang='lat' dir='ltr'><em>l</em></span> <span class='ocrx_word' id='word_1_114' title='bbox 1203 945 1337 979; x_wconf 88' lang='lat' dir='ltr'>Mestre</span> <span class='ocrx_word' id='word_1_115' title='bbox 1355 946 1483 992; x_wconf 69' lang='lat' dir='ltr'>Henry</span> <span class='ocrx_word' id='word_1_116' title='bbox 1501 944 1546 978; x_wconf 92' lang='lat' dir='ltr'>de</span> <span class='ocrx_word' id='word_1_117' title='bbox 1565 945 1664 979; x_wconf 84' lang='lat' dir='ltr'>Banf</span> 
     </span>
     <span class='ocr_line' id='line_1_12' title="bbox 272 1015 1658 1063; baseline -0.003 -11"><span class='ocrx_word' id='word_1_118' title='bbox 272 1017 485 1052; x_wconf 86' lang='lat' dir='ltr'>chaunceler</span> <span class='ocrx_word' id='word_1_119' title='bbox 518 1017 563 1051; x_wconf 90' lang='lat' dir='ltr'>de</span> <span class='ocrx_word' id='word_1_120' title='bbox 591 1017 733 1051; x_wconf 87' lang='lat' dir='ltr'>Morref</span> <span class='ocrx_word' id='word_1_121' title='bbox 755 1017 813 1050; x_wconf 88' lang='lat' dir='ltr'>del</span> <span class='ocrx_word' id='word_1_122' title='bbox 840 1017 984 1052; x_wconf 80' lang='lat' dir='ltr'>Counte</span> <span class='ocrx_word' id='word_1_123' title='bbox 1013 1017 1058 1050; x_wconf 83' lang='lat' dir='ltr'>de</span> <span class='ocrx_word' id='word_1_124' title='bbox 1085 1016 1204 1063; x_wconf 62' lang='lat' dir='ltr'>Elgyn</span> <span class='ocrx_word' id='word_1_125' title='bbox 1221 1033 1230 1048; x_wconf 74' lang='lat' dir='ltr'><em>s</em></span> <span class='ocrx_word' id='word_1_126' title='bbox 1248 1016 1365 1050; x_wconf 84' lang='lat' dir='ltr'>Marie</span> <span class='ocrx_word' id='word_1_127' title='bbox 1392 1015 1426 1049; x_wconf 87' lang='grc'>13</span> <span class='ocrx_word' id='word_1_128' title='bbox 1450 1016 1579 1062; x_wconf 61' lang='grc' dir='ltr'>Β6Ῠ116</span> <span class='ocrx_word' id='word_1_129' title='bbox 1613 1015 1658 1048; x_wconf 88' lang='grc'>(16</span> 
     </span>
     <span class='ocr_line' id='line_1_13' title="bbox 274 1086 1658 1134; baseline -0.003 -11"><span class='ocrx_word' id='word_1_130' title='bbox 274 1090 363 1123; x_wconf 87' lang='lat' dir='ltr'>Man</span> <span class='ocrx_word' id='word_1_131' title='bbox 380 1105 389 1121; x_wconf 75' lang='lat' dir='ltr'><em>s</em></span> <span class='ocrx_word' id='word_1_132' title='bbox 411 1088 544 1122; x_wconf 84' lang='lat' dir='ltr'>Mestre</span> <span class='ocrx_word' id='word_1_133' title='bbox 575 1089 702 1134; x_wconf 64' lang='lat' dir='ltr'>Heruy</span> <span class='ocrx_word' id='word_1_134' title='bbox 720 1088 828 1122; x_wconf 75' lang='lat' dir='ltr'>Deen</span> <span class='ocrx_word' id='word_1_135' title='bbox 857 1088 902 1121; x_wconf 88' lang='lat' dir='ltr'>de</span> <span class='ocrx_word' id='word_1_136' title='bbox 931 1087 1131 1133; x_wconf 64' lang='lat' dir='ltr'>Dukeldyn</span> <span class='ocrx_word' id='word_1_137' title='bbox 1147 1103 1157 1120; x_wconf 83' lang='lat' dir='ltr'><em>l</em></span> <span class='ocrx_word' id='word_1_138' title='bbox 1175 1087 1341 1121; x_wconf 82' lang='lat' dir='ltr'>Dunkau</span> <span class='ocrx_word' id='word_1_139' title='bbox 1367 1086 1412 1120; x_wconf 83' lang='lat' dir='ltr'>de</span> <span class='ocrx_word' id='word_1_140' title='bbox 1438 1086 1633 1132; x_wconf 57' lang='lat' dir='ltr'>Rameseye</span> <span class='ocrx_word' id='word_1_141' title='bbox 1651 1098 1658 1119; x_wconf 76' lang='lat' dir='ltr'><em>t</em></span> 
     </span>
     <span class='ocr_line' id='line_1_14' title="bbox 274 1156 1659 1206; baseline -0.003 -12"><span class='ocrx_word' id='word_1_142' title='bbox 274 1161 419 1206; x_wconf 86' lang='lat' dir='ltr'>persone</span> <span class='ocrx_word' id='word_1_143' title='bbox 449 1159 507 1193; x_wconf 89' lang='lat' dir='ltr'>del</span> <span class='ocrx_word' id='word_1_144' title='bbox 538 1159 659 1205; x_wconf 82' lang='lat' dir='ltr'>Eglise</span> <span class='ocrx_word' id='word_1_145' title='bbox 693 1159 738 1193; x_wconf 90' lang='lat' dir='ltr'>de</span> <span class='ocrx_word' id='word_1_146' title='bbox 766 1158 937 1205; x_wconf 84' lang='lat' dir='ltr'>Loghore</span> <span class='ocrx_word' id='word_1_147' title='bbox 956 1175 965 1191; x_wconf 75' lang='lat' dir='ltr'><em>s</em></span> <span class='ocrx_word' id='word_1_148' title='bbox 988 1158 1094 1192; x_wconf 82' lang='lat' dir='ltr'>Nieol</span> <span class='ocrx_word' id='word_1_149' title='bbox 1121 1158 1167 1192; x_wconf 87' lang='lat' dir='ltr'>de</span> <span class='ocrx_word' id='word_1_150' title='bbox 1199 1158 1233 1191; x_wconf 93' lang='grc'>13</span> <span class='ocrx_word' id='word_1_151' title='bbox 1264 1158 1373 1203; x_wconf 84' lang='lat' dir='ltr'>Haye</span> <span class='ocrx_word' id='word_1_152' title='bbox 1392 1170 1402 1191; x_wconf 76' lang='lat' dir='ltr'><strong><em>s</em></strong></span> <span class='ocrx_word' id='word_1_153' title='bbox 1421 1157 1567 1202; x_wconf 89' lang='lat' dir='ltr'>persone</span> <span class='ocrx_word' id='word_1_154' title='bbox 1602 1156 1659 1190; x_wconf 88' lang='lat' dir='ltr'>del</span> 
     </span>
     <span class='ocr_line' id='line_1_15' title="bbox 273 1227 1658 1278; baseline -0.003 -13"><span class='ocrx_word' id='word_1_155' title='bbox 273 1231 397 1278; x_wconf 86' lang='lat' dir='ltr'>Eglise</span> <span class='ocrx_word' id='word_1_156' title='bbox 418 1231 463 1264; x_wconf 90' lang='lat' dir='ltr'>de</span> <span class='ocrx_word' id='word_1_157' title='bbox 481 1230 569 1264; x_wconf 88' lang='lat' dir='ltr'>Erol</span> <span class='ocrx_word' id='word_1_158' title='bbox 586 1247 595 1263; x_wconf 74' lang='lat' dir='ltr'><em>s</em></span> <span class='ocrx_word' id='word_1_159' title='bbox 613 1230 771 1265; x_wconf 85' lang='lat' dir='ltr'>Thomas</span> <span class='ocrx_word' id='word_1_160' title='bbox 798 1230 842 1263; x_wconf 91' lang='lat' dir='ltr'>de</span> <span class='ocrx_word' id='word_1_161' title='bbox 867 1229 1014 1263; x_wconf 76' lang='lat' dir='ltr'>Prestoii</span> <span class='ocrx_word' id='word_1_162' title='bbox 1031 1229 1232 1275; x_wconf 81' lang='lat' dir='ltr'>chanoigne</span> <span class='ocrx_word' id='word_1_163' title='bbox 1258 1228 1315 1263; x_wconf 88' lang='lat' dir='ltr'>del</span> <span class='ocrx_word' id='word_1_164' title='bbox 1343 1228 1465 1274; x_wconf 83' lang='lat' dir='ltr'>Eglise</span> <span class='ocrx_word' id='word_1_165' title='bbox 1490 1227 1535 1261; x_wconf 90' lang='lat' dir='ltr'>de</span> <span class='ocrx_word' id='word_1_166' title='bbox 1552 1228 1658 1262; x_wconf 91' lang='lat' dir='ltr'>Dun-</span> 
     </span>
     <span class='ocr_line' id='line_1_16' title="bbox 274 1298 1657 1348; baseline -0.002 -13"><span class='ocrx_word' id='word_1_167' title='bbox 274 1301 408 1348; x_wconf 51' lang='lat' dir='ltr'>keldffvn</span> <span class='ocrx_word' id='word_1_168' title='bbox 429 1314 439 1335; x_wconf 76' lang='lat' dir='ltr'><em>t</em></span> <span class='ocrx_word' id='word_1_169' title='bbox 461 1301 594 1336; x_wconf 88' lang='lat' dir='ltr'>Mestre</span> <span class='ocrx_word' id='word_1_170' title='bbox 624 1301 791 1335; x_wconf 84' lang='lat' dir='ltr'>William</span> <span class='ocrx_word' id='word_1_171' title='bbox 817 1300 954 1346; x_wconf 83' lang='lat' dir='ltr'>Tylliol</span> <span class='ocrx_word' id='word_1_172' title='bbox 975 1313 986 1333; x_wconf 77' lang='lat' dir='ltr'><em>s</em></span> <span class='ocrx_word' id='word_1_173' title='bbox 1001 1300 1200 1346; x_wconf 84' lang='lat' dir='ltr'>chanoigne</span> <span class='ocrx_word' id='word_1_174' title='bbox 1226 1300 1271 1334; x_wconf 91' lang='lat' dir='ltr'>de</span> <span class='ocrx_word' id='word_1_175' title='bbox 1296 1299 1429 1333; x_wconf 89' lang='lat' dir='ltr'>mesme</span> <span class='ocrx_word' id='word_1_176' title='bbox 1453 1299 1487 1332; x_wconf 91' lang='lat' dir='ltr'>le</span> <span class='ocrx_word' id='word_1_177' title='bbox 1512 1298 1633 1344; x_wconf 85' lang='lat' dir='ltr'>Eglise</span> <span class='ocrx_word' id='word_1_178' title='bbox 1649 1315 1657 1330; x_wconf 70' lang='lat' dir='ltr'><em>s</em></span> 
     </span>
     <span class='ocr_line' id='line_1_17' title="bbox 276 1370 1661 1417; baseline -0.002 -11"><span class='ocrx_word' id='word_1_179' title='bbox 276 1372 447 1407; x_wconf 84' lang='lat' dir='ltr'>Wautier</span> <span class='ocrx_word' id='word_1_180' title='bbox 477 1372 522 1405; x_wconf 87' lang='lat' dir='ltr'>de</span> <span class='ocrx_word' id='word_1_181' title='bbox 553 1372 696 1417; x_wconf 72' lang='lat' dir='ltr'>Kergifl</span> <span class='ocrx_word' id='word_1_182' title='bbox 713 1384 719 1405; x_wconf 79' lang='lat' dir='ltr'><em>l</em></span> <span class='ocrx_word' id='word_1_183' title='bbox 742 1373 869 1417; x_wconf 66' lang='lat' dir='ltr'>Henry</span> <span class='ocrx_word' id='word_1_184' title='bbox 899 1371 944 1405; x_wconf 90' lang='lat' dir='ltr'>de</span> <span class='ocrx_word' id='word_1_185' title='bbox 980 1372 1160 1405; x_wconf 69' lang='lat' dir='ltr'>Lematofi</span> <span class='ocrx_word' id='word_1_186' title='bbox 1194 1371 1340 1416; x_wconf 87' lang='lat' dir='ltr'>persone</span> <span class='ocrx_word' id='word_1_187' title='bbox 1374 1370 1431 1404; x_wconf 90' lang='lat' dir='ltr'>del</span> <span class='ocrx_word' id='word_1_188' title='bbox 1462 1370 1583 1415; x_wconf 82' lang='lat' dir='ltr'>Eglise</span> <span class='ocrx_word' id='word_1_189' title='bbox 1616 1370 1661 1403; x_wconf 86' lang='lat' dir='ltr'>de</span> 
     </span>
     <span class='ocr_line' id='line_1_18' title="bbox 278 1440 1660 1478; baseline -0.002 -1"><span class='ocrx_word' id='word_1_190' title='bbox 278 1444 410 1478; x_wconf 84' lang='lat' dir='ltr'>Douns</span> <span class='ocrx_word' id='word_1_191' title='bbox 427 1459 436 1475; x_wconf 74' lang='lat' dir='ltr'><em>s</em></span> <span class='ocrx_word' id='word_1_192' title='bbox 457 1443 580 1476; x_wconf 85' lang='lat' dir='ltr'>Adam</span> <span class='ocrx_word' id='word_1_193' title='bbox 613 1442 773 1476; x_wconf 83' lang='lat' dir='ltr'>Bernard</span> <span class='ocrx_word' id='word_1_194' title='bbox 800 1442 845 1476; x_wconf 85' lang='grc'>(16</span> <span class='ocrx_word' id='word_1_195' title='bbox 872 1441 1004 1475; x_wconf 69' lang='lat' dir='ltr'>Hiltofi</span> <span class='ocrx_word' id='word_1_196' title='bbox 1024 1457 1034 1474; x_wconf 76' lang='grc' dir='ltr'><em>ι</em></span> <span class='ocrx_word' id='word_1_197' title='bbox 1055 1441 1113 1475; x_wconf 86' lang='grc'>(161</span> <span class='ocrx_word' id='word_1_198' title='bbox 1141 1441 1285 1475; x_wconf 90' lang='lat' dir='ltr'>Counte</span> <span class='ocrx_word' id='word_1_199' title='bbox 1312 1441 1357 1474; x_wconf 89' lang='lat' dir='ltr'>de</span> <span class='ocrx_word' id='word_1_200' title='bbox 1386 1440 1499 1475; x_wconf 88' lang='lat' dir='ltr'>Perth</span> <span class='ocrx_word' id='word_1_201' title='bbox 1517 1452 1524 1474; x_wconf 80' lang='lat' dir='ltr'><em>l</em></span> <span class='ocrx_word' id='word_1_202' title='bbox 1540 1440 1660 1474; x_wconf 87' lang='lat' dir='ltr'>Johan</span> 
     </span>
     <span class='ocr_line' id='line_1_19' title="bbox 277 1511 1661 1560; baseline -0.003 -12"><span class='ocrx_word' id='word_1_203' title='bbox 277 1514 448 1559; x_wconf 88' lang='lat' dir='ltr'>Rymour</span> <span class='ocrx_word' id='word_1_204' title='bbox 464 1526 474 1547; x_wconf 76' lang='lat' dir='ltr'><strong><em>s</em></strong></span> <span class='ocrx_word' id='word_1_205' title='bbox 490 1513 640 1560; x_wconf 59' lang='lat' dir='ltr'>Agneys</span> <span class='ocrx_word' id='word_1_206' title='bbox 658 1513 702 1547; x_wconf 90' lang='lat' dir='ltr'>de</span> <span class='ocrx_word' id='word_1_207' title='bbox 721 1512 860 1559; x_wconf 50' lang='lat' dir='ltr'>Txvffivsse</span> <span class='ocrx_word' id='word_1_208' title='bbox 875 1524 882 1546; x_wconf 80' lang='lat' dir='ltr'><em>l</em></span> <span class='ocrx_word' id='word_1_209' title='bbox 899 1512 1049 1558; x_wconf 65' lang='lat' dir='ltr'>Anneys</span> <span class='ocrx_word' id='word_1_210' title='bbox 1066 1511 1099 1545; x_wconf 86' lang='lat' dir='ltr'>la</span> <span class='ocrx_word' id='word_1_211' title='bbox 1118 1512 1291 1558; x_wconf 89' lang='lat' dir='ltr'>Gynnere</span> <span class='ocrx_word' id='word_1_212' title='bbox 1306 1527 1315 1544; x_wconf 74' lang='lat' dir='ltr'><strong><em>s</em></strong></span> <span class='ocrx_word' id='word_1_213' title='bbox 1331 1511 1437 1545; x_wconf 84' lang='lat' dir='ltr'>Rauf</span> <span class='ocrx_word' id='word_1_214' title='bbox 1458 1511 1585 1545; x_wconf 90' lang='lat' dir='ltr'>mestre</span> <span class='ocrx_word' id='word_1_215' title='bbox 1603 1511 1661 1545; x_wconf 94' lang='lat' dir='ltr'>del</span> 
     </span>
     <span class='ocr_line' id='line_1_20' title="bbox 278 1581 1660 1630; baseline -0.001 -12"><span class='ocrx_word' id='word_1_216' title='bbox 278 1584 446 1630; x_wconf 73' lang='lat' dir='ltr'>Hospital</span> <span class='ocrx_word' id='word_1_217' title='bbox 463 1584 508 1618; x_wconf 85' lang='lat' dir='ltr'>de</span> <span class='ocrx_word' id='word_1_218' title='bbox 527 1583 703 1617; x_wconf 83' lang='lat' dir='ltr'>Lawedre</span> <span class='ocrx_word' id='word_1_219' title='bbox 719 1595 730 1616; x_wconf 85' lang='lat' dir='ltr'><em>l</em></span> <span class='ocrx_word' id='word_1_220' title='bbox 746 1582 917 1617; x_wconf 81' lang='lat' dir='ltr'>Douenal</span> <span class='ocrx_word' id='word_1_221' title='bbox 933 1582 1064 1617; x_wconf 83' lang='lat' dir='ltr'>vicaire</span> <span class='ocrx_word' id='word_1_222' title='bbox 1082 1582 1127 1616; x_wconf 88' lang='lat' dir='ltr'>de</span> <span class='ocrx_word' id='word_1_223' title='bbox 1146 1581 1300 1616; x_wconf 89' lang='lat' dir='ltr'>Dunkel</span> <span class='ocrx_word' id='word_1_224' title='bbox 1313 1594 1324 1615; x_wconf 77' lang='lat' dir='ltr'><em>s</em></span> <span class='ocrx_word' id='word_1_225' title='bbox 1338 1582 1444 1616; x_wconf 86' lang='lat' dir='ltr'>Rauf</span> <span class='ocrx_word' id='word_1_226' title='bbox 1463 1581 1508 1615; x_wconf 89' lang='lat' dir='ltr'>de</span> <span class='ocrx_word' id='word_1_227' title='bbox 1534 1582 1660 1616; x_wconf 88' lang='lat' dir='ltr'>Houe-</span> 
     </span>
     <span class='ocr_line' id='line_1_21' title="bbox 277 1652 1661 1700; baseline -0.002 -11"><span class='ocrx_word' id='word_1_228' title='bbox 277 1655 345 1689; x_wconf 72' lang='lat' dir='ltr'>defi</span> <span class='ocrx_word' id='word_1_229' title='bbox 360 1668 370 1688; x_wconf 80' lang='lat' dir='ltr'><em>s</em></span> <span class='ocrx_word' id='word_1_230' title='bbox 384 1655 529 1700; x_wconf 89' lang='lat' dir='ltr'>persone</span> <span class='ocrx_word' id='word_1_231' title='bbox 547 1654 605 1688; x_wconf 87' lang='lat' dir='ltr'>del</span> <span class='ocrx_word' id='word_1_232' title='bbox 623 1654 744 1700; x_wconf 84' lang='lat' dir='ltr'>Eglise</span> <span class='ocrx_word' id='word_1_233' title='bbox 763 1654 807 1687; x_wconf 89' lang='lat' dir='ltr'>de</span> <span class='ocrx_word' id='word_1_234' title='bbox 826 1653 1060 1699; x_wconf 82' lang='lat' dir='ltr'>VVhytousne</span> <span class='ocrx_word' id='word_1_235' title='bbox 1073 1666 1084 1687; x_wconf 86' lang='lat' dir='ltr'><em>l</em></span> <span class='ocrx_word' id='word_1_236' title='bbox 1100 1652 1226 1687; x_wconf 87' lang='lat' dir='ltr'>Dauid</span> <span class='ocrx_word' id='word_1_237' title='bbox 1243 1653 1390 1698; x_wconf 88' lang='lat' dir='ltr'>persone</span> <span class='ocrx_word' id='word_1_238' title='bbox 1406 1652 1464 1686; x_wconf 86' lang='lat' dir='ltr'>del</span> <span class='ocrx_word' id='word_1_239' title='bbox 1479 1652 1599 1698; x_wconf 85' lang='lat' dir='ltr'>Eglise</span> <span class='ocrx_word' id='word_1_240' title='bbox 1616 1653 1661 1686; x_wconf 87' lang='lat' dir='ltr'>de</span> 
     </span>
     <span class='ocr_line' id='line_1_22' title="bbox 277 1723 1662 1772; baseline -0.002 -13"><span class='ocrx_word' id='word_1_241' title='bbox 277 1725 419 1772; x_wconf 66' lang='lat' dir='ltr'>Hyltofi</span> <span class='ocrx_word' id='word_1_242' title='bbox 434 1738 444 1758; x_wconf 76' lang='lat' dir='ltr'><em>s</em></span> <span class='ocrx_word' id='word_1_243' title='bbox 459 1725 617 1759; x_wconf 84' lang='lat' dir='ltr'>Thomas</span> <span class='ocrx_word' id='word_1_244' title='bbox 644 1725 749 1769; x_wconf 83' lang='lat' dir='ltr'>psone</span> <span class='ocrx_word' id='word_1_245' title='bbox 775 1724 832 1758; x_wconf 91' lang='lat' dir='ltr'>del</span> <span class='ocrx_word' id='word_1_246' title='bbox 858 1723 978 1769; x_wconf 85' lang='lat' dir='ltr'>Eglise</span> <span class='ocrx_word' id='word_1_247' title='bbox 1004 1723 1049 1757; x_wconf 90' lang='lat' dir='ltr'>de</span> <span class='ocrx_word' id='word_1_248' title='bbox 1075 1723 1205 1758; x_wconf 71' lang='lat' dir='ltr'>Hotofi</span> <span class='ocrx_word' id='word_1_249' title='bbox 1223 1735 1230 1757; x_wconf 82' lang='lat' dir='ltr'><em>l</em></span> <span class='ocrx_word' id='word_1_250' title='bbox 1247 1723 1405 1757; x_wconf 88' lang='lat' dir='ltr'>Thomas</span> <span class='ocrx_word' id='word_1_251' title='bbox 1430 1723 1476 1756; x_wconf 88' lang='lat' dir='ltr'>de</span> <span class='ocrx_word' id='word_1_252' title='bbox 1500 1723 1662 1757; x_wconf 68' lang='lat' dir='ltr'>Htmfin-</span> 
     </span>
     <span class='ocr_line' id='line_1_23' title="bbox 277 1793 1661 1842; baseline -0.003 -12"><span class='ocrx_word' id='word_1_253' title='bbox 277 1808 389 1842; x_wconf 84' lang='lat' dir='ltr'>goure</span> <span class='ocrx_word' id='word_1_254' title='bbox 414 1796 561 1842; x_wconf 88' lang='lat' dir='ltr'>persone</span> <span class='ocrx_word' id='word_1_255' title='bbox 587 1795 644 1829; x_wconf 89' lang='lat' dir='ltr'>del</span> <span class='ocrx_word' id='word_1_256' title='bbox 662 1794 784 1841; x_wconf 85' lang='lat' dir='ltr'>Eglise</span> <span class='ocrx_word' id='word_1_257' title='bbox 809 1794 854 1828; x_wconf 91' lang='lat' dir='ltr'>de</span> <span class='ocrx_word' id='word_1_258' title='bbox 872 1793 1115 1828; x_wconf 70' lang='lat' dir='ltr'>Aldhamstok</span> <span class='ocrx_word' id='word_1_259' title='bbox 1128 1806 1139 1827; x_wconf 85' lang='lat' dir='ltr'><em>l</em></span> <span class='ocrx_word' id='word_1_260' title='bbox 1152 1793 1276 1827; x_wconf 81' lang='lat' dir='ltr'>Adam</span> <span class='ocrx_word' id='word_1_261' title='bbox 1295 1793 1415 1827; x_wconf 86' lang='lat' dir='ltr'>Lamb</span> <span class='ocrx_word' id='word_1_262' title='bbox 1440 1794 1586 1839; x_wconf 87' lang='lat' dir='ltr'>persone</span> <span class='ocrx_word' id='word_1_263' title='bbox 1604 1793 1661 1827; x_wconf 88' lang='lat' dir='ltr'>del</span> 
     </span>
     <span class='ocr_line' id='line_1_24' title="bbox 278 1863 1661 1913; baseline -0.002 -12"><span class='ocrx_word' id='word_1_264' title='bbox 278 1866 400 1913; x_wconf 85' lang='lat' dir='ltr'>Eglise</span> <span class='ocrx_word' id='word_1_265' title='bbox 417 1866 462 1901; x_wconf 92' lang='lat' dir='ltr'>de</span> <span class='ocrx_word' id='word_1_266' title='bbox 481 1866 730 1901; x_wconf 84' lang='lat' dir='ltr'>Foulesworth</span> <span class='ocrx_word' id='word_1_267' title='bbox 746 1878 753 1899; x_wconf 82' lang='lat' dir='ltr'><em>l</em></span> <span class='ocrx_word' id='word_1_268' title='bbox 771 1864 911 1900; x_wconf 90' lang='lat' dir='ltr'>Connel</span> <span class='ocrx_word' id='word_1_269' title='bbox 936 1865 1085 1911; x_wconf 88' lang='lat' dir='ltr'>persone</span> <span class='ocrx_word' id='word_1_270' title='bbox 1110 1863 1169 1898; x_wconf 90' lang='lat' dir='ltr'>del</span> <span class='ocrx_word' id='word_1_271' title='bbox 1195 1863 1316 1909; x_wconf 82' lang='lat' dir='ltr'>Eglise</span> <span class='ocrx_word' id='word_1_272' title='bbox 1342 1864 1387 1898; x_wconf 89' lang='lat' dir='ltr'>de</span> <span class='ocrx_word' id='word_1_273' title='bbox 1405 1863 1636 1898; x_wconf 82' lang='lat' dir='ltr'>Cambossanc</span> <span class='ocrx_word' id='word_1_274' title='bbox 1649 1877 1661 1897; x_wconf 85' lang='lat' dir='ltr'><em>l</em></span> 
     </span>
     <span class='ocr_line' id='line_1_25' title="bbox 277 1934 1662 1983; baseline -0.002 -12"><span class='ocrx_word' id='word_1_275' title='bbox 277 1937 395 1971; x_wconf 84' lang='lat' dir='ltr'>Johan</span> <span class='ocrx_word' id='word_1_276' title='bbox 418 1937 463 1971; x_wconf 90' lang='lat' dir='ltr'>de</span> <span class='ocrx_word' id='word_1_277' title='bbox 481 1936 653 1983; x_wconf 66' lang='lat' dir='ltr'>Baddeby</span> <span class='ocrx_word' id='word_1_278' title='bbox 671 1936 729 1970; x_wconf 86' lang='lat' dir='ltr'>del</span> <span class='ocrx_word' id='word_1_279' title='bbox 747 1935 892 1970; x_wconf 84' lang='lat' dir='ltr'>Counte</span> <span class='ocrx_word' id='word_1_280' title='bbox 918 1935 963 1970; x_wconf 90' lang='lat' dir='ltr'>de</span> <span class='ocrx_word' id='word_1_281' title='bbox 988 1934 1165 1981; x_wconf 62' lang='lat' dir='ltr'>Berewyk</span> <span class='ocrx_word' id='word_1_282' title='bbox 1181 1947 1192 1968; x_wconf 77' lang='lat' dir='ltr'><strong><em>s</em></strong></span> <span class='ocrx_word' id='word_1_283' title='bbox 1208 1934 1347 1968; x_wconf 84' lang='lat' dir='ltr'>Morice</span> <span class='ocrx_word' id='word_1_284' title='bbox 1373 1934 1491 1968; x_wconf 90' lang='lat' dir='ltr'>Louel</span> <span class='ocrx_word' id='word_1_285' title='bbox 1516 1935 1662 1980; x_wconf 87' lang='lat' dir='ltr'>persone</span> 
     </span>
     <span class='ocr_line' id='line_1_26' title="bbox 281 2004 1661 2053; baseline -0.003 -12"><span class='ocrx_word' id='word_1_286' title='bbox 281 2007 339 2041; x_wconf 91' lang='lat' dir='ltr'>del</span> <span class='ocrx_word' id='word_1_287' title='bbox 357 2007 477 2053; x_wconf 84' lang='lat' dir='ltr'>Eglise</span> <span class='ocrx_word' id='word_1_288' title='bbox 502 2008 547 2042; x_wconf 90' lang='lat' dir='ltr'>de</span> <span class='ocrx_word' id='word_1_289' title='bbox 566 2008 675 2053; x_wconf 62' lang='lat' dir='ltr'>Petyt</span> <span class='ocrx_word' id='word_1_290' title='bbox 693 2007 799 2041; x_wconf 86' lang='lat' dir='ltr'>Cares</span> <span class='ocrx_word' id='word_1_291' title='bbox 816 2019 823 2041; x_wconf 84' lang='lat' dir='ltr'><em>l</em></span> <span class='ocrx_word' id='word_1_292' title='bbox 840 2006 960 2041; x_wconf 88' lang='lat' dir='ltr'>Johan</span> <span class='ocrx_word' id='word_1_293' title='bbox 986 2006 1032 2040; x_wconf 92' lang='lat' dir='ltr'>de</span> <span class='ocrx_word' id='word_1_294' title='bbox 1058 2005 1247 2040; x_wconf 75' lang='lat' dir='ltr'>Coneueth</span> <span class='ocrx_word' id='word_1_295' title='bbox 1262 2018 1270 2039; x_wconf 74' lang='grc' dir='ltr'><em>ι</em></span> <span class='ocrx_word' id='word_1_296' title='bbox 1285 2005 1432 2050; x_wconf 87' lang='lat' dir='ltr'>persone</span> <span class='ocrx_word' id='word_1_297' title='bbox 1457 2004 1515 2038; x_wconf 90' lang='lat' dir='ltr'>del</span> <span class='ocrx_word' id='word_1_298' title='bbox 1540 2004 1661 2050; x_wconf 87' lang='lat' dir='ltr'>Eglise</span> 
     </span>
     <span class='ocr_line' id='line_1_27' title="bbox 279 2074 1662 2123; baseline -0.003 -11"><span class='ocrx_word' id='word_1_299' title='bbox 279 2078 324 2112; x_wconf 92' lang='lat' dir='ltr'>de</span> <span class='ocrx_word' id='word_1_300' title='bbox 343 2077 540 2112; x_wconf 80' lang='lat' dir='ltr'>Alneerom</span> <span class='ocrx_word' id='word_1_301' title='bbox 557 2091 567 2111; x_wconf 76' lang='lat' dir='ltr'><strong><em>s</em></strong></span> <span class='ocrx_word' id='word_1_302' title='bbox 583 2077 712 2123; x_wconf 69' lang='lat' dir='ltr'>Phelsp</span> <span class='ocrx_word' id='word_1_303' title='bbox 732 2078 856 2123; x_wconf 64' lang='lat' dir='ltr'>Bruyn</span> <span class='ocrx_word' id='word_1_304' title='bbox 873 2090 884 2110; x_wconf 85' lang='lat' dir='ltr'><em>l</em></span> <span class='ocrx_word' id='word_1_305' title='bbox 897 2076 955 2110; x_wconf 90' lang='lat' dir='ltr'>del</span> <span class='ocrx_word' id='word_1_306' title='bbox 977 2076 1122 2110; x_wconf 86' lang='lat' dir='ltr'>Counte</span> <span class='ocrx_word' id='word_1_307' title='bbox 1147 2076 1192 2109; x_wconf 89' lang='lat' dir='ltr'>de</span> <span class='ocrx_word' id='word_1_308' title='bbox 1217 2075 1435 2121; x_wconf 69' lang='lat' dir='ltr'>Roksburgh</span> <span class='ocrx_word' id='word_1_309' title='bbox 1450 2087 1462 2108; x_wconf 80' lang='lat' dir='ltr'><em>t</em></span> <span class='ocrx_word' id='word_1_310' title='bbox 1476 2074 1599 2109; x_wconf 86' lang='lat' dir='ltr'>James</span> <span class='ocrx_word' id='word_1_311' title='bbox 1616 2075 1662 2109; x_wconf 87' lang='lat' dir='ltr'>de</span> 
     </span>
     <span class='ocr_line' id='line_1_28' title="bbox 281 2145 1661 2193; baseline -0.004 -10"><span class='ocrx_word' id='word_1_312' title='bbox 281 2148 377 2184; x_wconf 68' lang='lat' dir='ltr'>Crak</span> <span class='ocrx_word' id='word_1_313' title='bbox 389 2160 400 2182; x_wconf 88' lang='lat' dir='ltr'><em>l</em></span> <span class='ocrx_word' id='word_1_314' title='bbox 413 2148 470 2182; x_wconf 91' lang='lat' dir='ltr'>del</span> <span class='ocrx_word' id='word_1_315' title='bbox 489 2148 633 2182; x_wconf 87' lang='lat' dir='ltr'>Counte</span> <span class='ocrx_word' id='word_1_316' title='bbox 651 2148 696 2181; x_wconf 90' lang='lat' dir='ltr'>de</span> <span class='ocrx_word' id='word_1_317' title='bbox 715 2147 866 2193; x_wconf 63' lang='lat' dir='ltr'>Selkyrk</span> <span class='ocrx_word' id='word_1_318' title='bbox 881 2160 892 2180; x_wconf 77' lang='lat' dir='ltr'><strong><em>s</em></strong></span> <span class='ocrx_word' id='word_1_319' title='bbox 907 2146 1045 2181; x_wconf 84' lang='lat' dir='ltr'>Michel</span> <span class='ocrx_word' id='word_1_320' title='bbox 1062 2146 1107 2180; x_wconf 86' lang='lat' dir='ltr'>de</span> <span class='ocrx_word' id='word_1_321' title='bbox 1125 2145 1265 2180; x_wconf 86' lang='lat' dir='ltr'>Dunde</span> <span class='ocrx_word' id='word_1_322' title='bbox 1277 2161 1287 2178; x_wconf 76' lang='lat' dir='ltr'><em>s</em></span> <span class='ocrx_word' id='word_1_323' title='bbox 1300 2145 1446 2190; x_wconf 89' lang='lat' dir='ltr'>persone</span> <span class='ocrx_word' id='word_1_324' title='bbox 1463 2145 1521 2178; x_wconf 92' lang='lat' dir='ltr'>del</span> <span class='ocrx_word' id='word_1_325' title='bbox 1539 2145 1661 2192; x_wconf 80' lang='lat' dir='ltr'>Eglise</span> 
     </span>
     <span class='ocr_line' id='line_1_29' title="bbox 279 2215 1660 2261; baseline -0.004 -7"><span class='ocrx_word' id='word_1_326' title='bbox 279 2220 324 2254; x_wconf 92' lang='lat' dir='ltr'>de</span> <span class='ocrx_word' id='word_1_327' title='bbox 336 2218 549 2254; x_wconf 72' lang='lat' dir='ltr'>Stubbehok</span> <span class='ocrx_word' id='word_1_328' title='bbox 564 2231 575 2252; x_wconf 77' lang='lat' dir='ltr'><em>s</em></span> <span class='ocrx_word' id='word_1_329' title='bbox 589 2218 701 2252; x_wconf 88' lang='lat' dir='ltr'>Frere</span> <span class='ocrx_word' id='word_1_330' title='bbox 715 2217 873 2251; x_wconf 89' lang='lat' dir='ltr'>Thomas</span> <span class='ocrx_word' id='word_1_331' title='bbox 895 2217 1023 2251; x_wconf 89' lang='lat' dir='ltr'>mestre</span> <span class='ocrx_word' id='word_1_332' title='bbox 1040 2215 1085 2250; x_wconf 89' lang='lat' dir='ltr'>de</span> <span class='ocrx_word' id='word_1_333' title='bbox 1101 2216 1135 2250; x_wconf 86' lang='lat' dir='ltr'>la</span> <span class='ocrx_word' id='word_1_334' title='bbox 1151 2215 1271 2250; x_wconf 90' lang='lat' dir='ltr'>meson</span> <span class='ocrx_word' id='word_1_335' title='bbox 1290 2215 1335 2249; x_wconf 91' lang='lat' dir='ltr'>de</span> <span class='ocrx_word' id='word_1_336' title='bbox 1351 2215 1384 2249; x_wconf 89' lang='grc'>13</span> <span class='ocrx_word' id='word_1_337' title='bbox 1400 2215 1521 2250; x_wconf 80' lang='lat' dir='ltr'>Seinte</span> <span class='ocrx_word' id='word_1_338' title='bbox 1536 2215 1660 2261; x_wconf 64' lang='lat' dir='ltr'>Croiqe</span> 
     </span>
     <span class='ocr_line' id='line_1_30' title="bbox 279 2286 1661 2333; baseline -0.002 -9"><span class='ocrx_word' id='word_1_339' title='bbox 279 2291 324 2324; x_wconf 88' lang='lat' dir='ltr'>de</span> <span class='ocrx_word' id='word_1_340' title='bbox 353 2289 507 2325; x_wconf 89' lang='lat' dir='ltr'>Pebbles</span> <span class='ocrx_word' id='word_1_341' title='bbox 524 2302 535 2324; x_wconf 85' lang='lat' dir='ltr'><em>l</em></span> <span class='ocrx_word' id='word_1_342' title='bbox 555 2288 690 2324; x_wconf 88' lang='lat' dir='ltr'>Mestre</span> <span class='ocrx_word' id='word_1_343' title='bbox 721 2287 881 2324; x_wconf 87' lang='lat' dir='ltr'>Richard</span> <span class='ocrx_word' id='word_1_344' title='bbox 911 2286 956 2322; x_wconf 89' lang='lat' dir='ltr'>de</span> <span class='ocrx_word' id='word_1_345' title='bbox 984 2286 1150 2322; x_wconf 73' lang='lat' dir='ltr'>Bouldefi</span> <span class='ocrx_word' id='word_1_346' title='bbox 1166 2299 1178 2321; x_wconf 85' lang='lat' dir='ltr'><em>l</em></span> <span class='ocrx_word' id='word_1_347' title='bbox 1195 2287 1342 2333; x_wconf 88' lang='lat' dir='ltr'>persone</span> <span class='ocrx_word' id='word_1_348' title='bbox 1375 2286 1434 2321; x_wconf 88' lang='lat' dir='ltr'>del</span> <span class='ocrx_word' id='word_1_349' title='bbox 1465 2286 1587 2333; x_wconf 88' lang='lat' dir='ltr'>Eglise</span> <span class='ocrx_word' id='word_1_350' title='bbox 1616 2286 1661 2321; x_wconf 87' lang='lat' dir='ltr'>de</span> 
     </span>
    </p>
   </div>
  </div>
 </body>
</html>
