1881 2723
916 166 984 198 143

245 271 320 318 Nig
334 282 342 305 Ι
358 270 417 304 del
435 269 582 305 Counte
599 269 644 303 de
663 269 739 304 Ros
755 281 766 302 l
782 268 878 303 saluz
894 288 902 297 ·
946 269 1025 303 Pur
1043 279 1104 303 ceo
1122 279 1167 315 qe
1185 280 1277 303 nous
1300 269 1416 302 sumes
1434 280 1553 303 venuz
1574 270 1593 302 zi
1611 269 1644 302 la

243 341 292 375 foi
310 342 329 375 6
348 341 367 374 ίι
385 340 419 375 la
436 339 589 375 volunte
608 352 620 374 l
639 340 690 374 du
708 339 885 374 tresnoble
904 340 1035 374 Prince
1055 351 1066 373 t
1085 341 1105 373 6
1123 339 1240 373 nostre
1257 338 1355 373 chier
1374 339 1551 385 Seigncur
1570 341 1646 374 Sire-

244 412 405 447 Edward
426 423 489 459 par
517 411 552 446 la
580 422 685 458 grace
711 411 811 446 Dieu
844 411 919 446 Roi
955 397 1159 457 DenglePre
1181 422 1188 444 l
1212 410 1389 457 Seigneur
1419 409 1575 445 Dirland
1598 424 1603 443 s
1626 414 1644 444 6

243 484 349 519 Ducs
367 483 619 530 Daquitaigne
635 495 643 518 l
662 483 766 518 Nous
790 486 1031 529 promettoms
1048 493 1119 528 pur
1136 493 1228 516 nous
1246 483 1266 516 6
1283 493 1353 528 pur
1370 493 1434 516 nos
1452 482 1545 516 heirs
1562 494 1572 515 s
1586 482 1621 516 su
1630 494 1644 515 r

241 555 346 601 peine
363 554 409 589 de
426 566 503 589 cors
520 556 540 589 6
557 554 685 589 dauoir
701 567 712 589 l
724 556 744 589 6
762 555 819 589 sur
832 555 915 601 qaent
931 565 977 600 qe
994 564 1087 588 nous
1104 553 1282 600 peuffoms
1300 564 1455 587 encoure
1469 566 1476 588 ι
1491 565 1536 600 qe
1550 566 1642 587 nous

240 625 277 673 ly
302 626 491 660 seruironis
519 626 604 660 bien
634 628 654 660 6
679 626 864 661 leaument
882 629 1006 660 contre
1031 629 1124 659 totes
1150 629 1260 672 gentz
1279 625 1344 671 qui
1362 629 1515 670 purront
1541 626 1643 658 viui-e

240 699 260 731 6
285 698 396 732 morir
413 701 507 732 totes
532 697 582 731 les
599 698 669 732 foiz
688 709 733 744 qe
750 709 843 732 nous
860 698 1009 731 serroms
1038 697 1159 743 requis
1189 708 1237 730 ou
1260 696 1383 743 garniz
1413 695 1458 730 de
1488 708 1550 742 par
1581 700 1642 731 ηῐᾸ(λ

241 769 418 815 Seigneur
443 768 477 803 19
493 769 568 803 Roi
594 756 801 815 DenglePre
824 768 992 804 auantdit
1019 780 1067 803 ou
1097 779 1161 814 par
1182 768 1231 802 ses
1260 767 1353 801 heirs
1373 788 1380 795 -
1425 767 1458 802 E
1478 779 1524 814 qe
1549 780 1639 802 nous

238 839 317 874 leur
341 840 494 887 damage
518 851 566 875 ne
590 840 748 875 sauroms
766 852 812 887 qe
829 851 921 874 nous
949 839 1009 874 nel
1037 839 1278 874 destorbeoms
1296 840 1314 872 ᾗ.
1337 843 1393 873 tot
1417 841 1481 874 n‘fe
1507 851 1593 886 poer
1621 844 1639 873 ό

237 911 270 945 19
296 911 376 946 leur
401 911 555 946 faceoms
581 912 599 945 ᾗ
625 911 763 946 sauoir-
806 911 841 945 E
871 912 890 945 zi
918 912 1025 946 cestes
1055 911 1174 945 choses
1201 911 1295 945 tenir
1324 912 1344 944 6
1371 911 1499 957 garder
1517 924 1528 945 l
1549 923 1639 945 nous

236 982 437 1029 obligeoms
466 994 559 1018 nous
586 984 606 1017 6
633 995 697 1018 nos
725 983 818 1018 heirs
833 984 876 1017 κέ
907 987 994 1018 touz
1023 994 1088 1017 nos
1114 982 1214 1017 biens
1234 995 1245 1016 s
1266 984 1285 1016 6
1302 987 1407 1017 outre
1424 994 1487 1017 ceo
1512 995 1637 1017 anonis

230 1054 335 1099 jurez
365 1054 424 1088 sur
451 1055 590 1089 Seintes
615 1053 851 1101 Eu‘ngeiles·
891 1053 996 1088 Estre
1021 1065 1084 1088 ceo
1114 1065 1205 1089 nous
1237 1056 1382 1089 touzte
1410 1054 1563 1089 chescun
1591 1055 1636 1088 de

235 1137 328 1161 nous
345 1138 410 1172 par
426 1126 476 1160 soi
493 1137 620 1161 auoms
637 1125 703 1160 fait
719 1126 839 1160 feaute
852 1125 871 1159 ἑ,
885 1128 949 1160 ῃῗε
964 1125 1141 1172 Seigneur
1154 1125 1188 1159 le
1200 1125 1273 1160 Roi
1287 1126 1455 1160 auantdit
1469 1137 1514 1160 en
1529 1127 1636 1160 cestes

234 1198 371 1243 paroles
387 1218 394 1226 ·
422 1198 448 1233 J
449 1209 492 1233 eo
508 1198 612 1233 serrai
629 1197 701 1232 feal
718 1199 738 1232 6
755 1197 823 1232 leal
835 1214 846 1231 l
862 1199 882 1231 6
899 1197 949 1231 foi
966 1199 986 1232 6
1002 1197 1123 1232 leaute
1149 1198 1304 1244 porterai
1321 1209 1367 1232 au
1387 1197 1460 1232 Roi
1474 1198 1636 1231 Edward

188 1304 192 1308 ,
234 1270 307 1304 Roi
325 1257 531 1316 DenglePre
548 1271 568 1303 6
586 1281 605 1303 a
622 1270 673 1304 ses
690 1269 784 1303 heirs
805 1281 812 1303 1
834 1269 880 1304 de
905 1269 964 1303 vie
981 1270 1001 1303 6
1019 1269 1064 1303 de
1090 1269 1240 1303 menbre
1253 1282 1264 1303 s
1281 1270 1300 1302 6
1326 1268 1373 1302 de
1396 1255 1493 1303 Prien
1518 1268 1606 1302 honZ
1623 1283 1632 1301 s

232 1346 356 1375 contre
385 1345 478 1375 totes
503 1345 614 1388 gentz
633 1341 698 1387 qui
725 1344 881 1387 purront
910 1341 1014 1375 viure
1039 1341 1059 1374 6
1076 1340 1187 1374 morir
1207 1353 1215 1374 l
1236 1342 1255 1374 6
1268 1340 1423 1386 jammes
1447 1352 1517 1386 pur
1547 1340 1634 1386 nuly

229 1418 344 1447 armes
361 1424 408 1447 ne
424 1413 581 1459 porterai
604 1423 676 1447 nen
694 1411 824 1447 conseil
841 1423 914 1446 nen
931 1411 1012 1446 eide
1037 1423 1083 1446 ne
1108 1412 1212 1446 serrai
1238 1416 1362 1446 contre
1388 1411 1422 1458 ly
1441 1423 1488 1446 ne
1510 1418 1633 1446 contre

230 1486 280 1519 ses
311 1485 404 1519 heirs
434 1496 479 1519 en
506 1483 572 1519 nul
598 1495 654 1519 cas
681 1496 726 1531 qe
751 1487 838 1531 poet
863 1483 1055 1518 auenirtfi
1071 1483 1192 1518 meide
1218 1484 1337 1519 Dieus
1364 1486 1382 1517 6
1408 1483 1458 1518 les
1487 1484 1628 1519 Seintz-

228 1556 288 1591 En
307 1556 572 1604 tesmoignanee
590 1556 652 1591 des
670 1567 786 1603 queus
800 1555 920 1591 choses
934 1568 946 1590 l
959 1567 1052 1590 nous
1065 1567 1193 1591 auoms
1205 1555 1271 1590 fait
1284 1556 1373 1590 faire
1387 1557 1495 1591 cestes
1508 1555 1630 1590 lettres

227 1634 371 1663 ouertes
396 1628 522 1663 seal66s
540 1628 585 1663 de
602 1639 667 1663 nos
685 1628 782 1663 seaus
798 1649 805 1657 ·
859 1628 1008 1663 Don66s
1036 1630 1110 1676 [ege.
1130 1633 1172 1663 ut
1186 1628 1329 1676 snpra]

230 1760 352 1804 Item·
403 1771 443 1804 A
468 1774 555 1804 touz
583 1782 687 1804 ceaus
713 1771 779 1817 qui
807 1771 915 1805 cestes
940 1770 1064 1804 lettres
1095 1775 1242 1805 verront
1259 1782 1307 1804 ou
1326 1775 1450 1804 orront
1465 1783 1476 1803 s
1493 1770 1627 1804 Finlau

227 1841 272 1875 de
291 1841 438 1875 Hustofi
457 1841 628 1875 Chiualer
644 1854 654 1875 s
670 1840 840 1875 William
858 1841 891 1875 le
911 1841 1094 1888 Flemyngr
1112 1841 1283 1876 Chiualer
1298 1854 1309 1875 l
1326 1840 1453 1875 Huwe
1473 1841 1626 1887 Kenedy

227 1911 417 1946 Chiualert
433 1912 559 1947 Huwe
584 1912 629 1946 de
655 1911 869 1946 Danielstofi
884 1924 892 1946 l
907 1911 1079 1946 Chiualer
1096 1924 1103 1946 t
1120 1911 1242 1946 Johan
1268 1911 1301 1945 le
1329 1912 1515 1946 Seneschal
1541 1912 1626 1946 Chi·

224 1982 323 2017 ualer
337 1995 345 2017 l
359 1982 484 2029 Aleyn
503 1983 548 2017 de
566 1982 750 2017 Glasfreth
764 1999 774 2015 s
791 1982 958 2017 Winiam
977 1982 1023 2017 de
1042 1982 1171 2017 Shawe
1187 1995 1194 2017 t
1208 1982 1377 2017 William
1391 1983 1436 2017 de
1451 1983 1623 2030 Conyng-

226 2054 345 2101 burgh
364 2066 372 2089 l
387 2054 517 2101 Henry
534 2054 580 2089 de
598 2054 794 2101 Manspeth
808 2067 820 2089 l
832 2054 975 2090 Robert
999 2054 1045 2089 de
1071 2054 1105 2089 la
1123 2054 1332 2090 Chaumbre
1344 2068 1355 2089 l
1371 2055 1492 2102 Aleyn
1517 2055 1552 2090 19
1578 2056 1623 2089 fiz

223 2125 331 2160 Nicol
346 2138 358 2160 l
373 2125 491 2160 Mal-ie
518 2125 564 2160 de
591 2125 798 2173 Glengeuel
816 2138 829 2160 l
843 2126 1063 2160 Alisaundre
1088 2126 1134 2160 de
1161 2126 1436 2174 Kircomtolagh
1453 2140 1465 2161 s
1482 2127 1621 2162 Gilber}

223 2196 269 2230 de
286 2196 453 2232 Kilbride
467 2209 475 2232 l
489 2197 650 2232 Richard
680 2197 726 2232 de
753 2197 903 2245 Creling
918 2210 926 2232 l
943 2197 1102 2232 Thomas
1133 2198 1178 2232 de
1207 2198 1420 2234 Raulfestoii
1437 2215 1447 2231 ι
1462 2199 1620 2232 &Vauter

226 2267 354 2313 Spreul
369 2280 376 2303 ι
394 2268 552 2304 Herbert
566 2269 611 2303 de
624 2268 817 2304 Gledestafi
831 2281 840 2305 l
854 2269 1024 2305 William
1038 2269 1248 2316 Dfigalsone
1266 2271 1306 2305 JJ
1308 2270 1399 2304 ohan
1416 2270 1460 2304 de
1476 2270 1617 2315 Irsk5⁷111
