1881 2723
146 1645 251 1673 M.31.

949 196 1018 231 162

289 300 314 335 J
316 299 409 334 ohan
427 300 472 335 de
483 300 717 336 Kerdernefl'e
734 301 793 336 del
807 301 952 337 Counte
969 303 1014 337 de
1032 302 1194 338 Dunfres
1210 316 1222 338 l
1236 303 1407 338 Wautier
1420 303 1465 338 de
1483 303 1650 349 Merlegh
1664 317 1677 337 s

288 371 408 406 Johan
435 370 568 406 Corbet
583 384 595 405 l
608 371 827 406 Alisaundre
853 372 1002 407 Furbur
1019 385 1027 408 l
1047 374 1176 420 Henry
1200 373 1258 408 del
1284 374 1401 421 Ferye
1417 386 1425 408 ι
1442 374 1576 408 Mestre
1600 373 1675 408 Ed-

288 441 405 476 mund
422 442 468 476 de
486 442 647 476 Ledh‘m
665 442 723 477 del
742 443 887 478 Counte
912 444 958 478 de
980 444 1221 491 Rokesburgh
1236 456 1244 479 l
1259 446 1278 478 6
1296 445 1416 479 Johan
1434 444 1468 478 16
1484 444 1531 478 fiz
1550 445 1674 479 Adam

288 512 333 546 de
344 512 555 559 Estnesebj't
570 525 582 546 l
596 512 690 547 saluz
703 534 711 541 ·
739 514 819 548 Pur
832 526 895 549 ceo
915 517 989 561 [ξε.
1004 520 1044 549 ut
1054 515 1195 562 supra]
1225 515 1373 549 Done‘es
1393 517 1468 562 [850.
1480 520 1519 549 ut
1530 514 1673 561 supra]

289 644 391 688 Item
410 672 418 681 ·
461 653 500 687 A
518 656 605 688 touz
624 665 728 688 ceaus
746 654 812 699 qui
829 654 936 688 cestes
953 654 1077 688 lettres
1094 659 1241 689 verront
1258 666 1306 689 ou
1324 658 1448 689 orront
1464 666 1472 689 ι
1489 654 1565 689 Sire
1579 654 1675 689 Her-

288 723 364 757 ber?
389 723 434 757 de
459 723 691 757 Makeswelle
707 736 718 757 t
735 724 812 758 Sire
829 723 991 757 Richard
1009 724 1133 758 Freser
1148 736 1160 757 l
1175 724 1234 758 del
1252 724 1397 758 Counte
1414 724 1460 758 de
1479 724 1644 758 Dunfres
1659 736 1672 757 l

288 793 439 839 Dougal
452 793 715 827 Gotheriksone
727 805 739 827 l
753 793 890 827 Michel
903 793 988 828 Mac
1001 793 1126 840 Ulagh
1143 806 1155 827 l
1170 793 1227 827 del
1240 793 1385 828 Counte
1398 793 1444 828 de
1457 793 1648 840 Wygetofi
1663 807 1675 827 l

288 863 422 897 Mestre
450 862 619 897 William
645 862 691 896 de
717 862 925 908 Kynghorn
941 863 1115 909 [persone
1141 863 1187 897 de
1214 863 1342 898 Listofi
1370 862 1429 897 del
1457 863 1604 898 Counte
1630 863 1677 898 de

288 932 457 967 Linleseu
472 945 484 967 l
499 932 575 967 Sire
585 931 754 966 William
772 932 817 966 de
829 932 988 967 Mohaut
1000 946 1012 967 l
1029 933 1105 968 Sire
1121 933 1291 968 Wautier
1303 933 1349 968 de
1362 933 1650 980 Sherwynclawe
1663 947 1675 968 ι

286 1004 409 1038 James
432 1003 477 1037 de
495 1002 695 1049 Lindeseye
710 1015 719 1037 ι
736 1003 813 1038 Sire
837 1003 1056 1038 Alisaundre
1081 1003 1126 1038 de
1153 1004 1352 1051 Lindeseye
1376 1003 1435 1039 del
1462 1003 1606 1039 Counte
1631 1004 1677 1038 de

286 1074 527 1120 Rokesburgh
548 1087 559 1107 l
580 1074 656 1109 Sire
680 1074 802 1108 Johan
827 1074 873 1108 de
899 1074 1000 1109 Seint
1027 1074 1161 1109 Miehel
1182 1087 1190 1109 l
1209 1074 1378 1109 William
1404 1075 1449 1108 de
1475 1074 1644 1109 Maleuffl
1663 1088 1675 1108 t

288 1146 464 1192 Seigneur
482 1146 527 1180 de
538 1146 728 1192 Retreuyn
743 1158 755 1179 l
767 1145 827 1180 del
839 1145 983 1180 Counte
1001 1145 1046 1180 de
1059 1146 1300 1192 Rokesburgh
1315 1158 1327 1180 l
1342 1145 1464 1193 Aleyn
1479 1145 1525 1180 de
1538 1145 1682 1180 Morref

287 1216 345 1251 del
364 1217 508 1251 Counte
534 1216 580 1250 de
605 1217 744 1263 Foreys
760 1229 772 1251 l
788 1216 864 1252 Sire
883 1217 1054 1252 Douenal
1072 1217 1222 1252 Cambel
1241 1230 1249 1252 l
1266 1217 1324 1251 del
1343 1218 1488 1251 Counte
1504 1216 1550 1251 de
1567 1217 1675 1251 Dun-

288 1287 416 1321 bretan
432 1300 443 1321 s
457 1288 645 1333 Laurenqe
662 1288 707 1322 de
725 1287 935 1322 Cramound
953 1288 1012 1322 del
1030 1288 1176 1323 Counte
1193 1288 1239 1323 de
1257 1288 1405 1323 Forfare
1418 1300 1430 1322 Ι
1448 1287 1524 1322 Sire
1537 1287 1675 1323 Michel

288 1357 333 1392 de
358 1358 513 1405 Wymes
528 1358 612 1393 [(161
639 1359 785 1394 Counte
812 1359 857 1393 de
884 1359 961 1405 Fyf
970 1371 982 1393 t
999 1359 1119 1406 Aleyn
1145 1359 1190 1393 de
1216 1359 1389 1394 Colilawe
1405 1372 1416 1393 t
1433 1359 1607 1393 Wautier
1630 1358 1675 1392 de

289 1429 488 1476 Lindeseye
504 1429 563 1464 del
579 1430 724 1464 Counte
740 1429 786 1464 de
805 1429 980 1476 Berewyk
994 1442 1006 1463 s
1025 1430 1101 1464 Sire
1119 1430 1284 1464 Wautier
1301 1429 1346 1463 de
1360 1429 1559 1476 Lindeseye
1575 1441 1583 1464 l
1599 1429 1675 1464 Sire

288 1499 457 1534 Willjam
483 1500 528 1534 de
545 1500 743 1534 Rothenan
759 1513 771 1534 l
787 1501 864 1535 Sire
882 1500 1104 1535 Archebaud
1130 1500 1175 1534 de
1197 1500 1445 1546 Leuingestofi
1461 1512 1472 1533 s
1487 1500 1608 1535 Johan
1630 1500 1676 1534 de

290 1570 496 1605 Mountforf
512 1583 523 1604 l
538 1572 613 1606 Sire
631 1571 800 1605 William
817 1571 863 1605 de
875 1571 1071 1617 Raffieseye
1084 1583 1095 1604 t
1108 1570 1328 1605 Alisaundre
1345 1570 1390 1605 de
1412 1571 1522 1606 Setoii
1539 1570 1649 1605 vallet
1662 1584 1674 1604 l

291 1641 458 1675 William
486 1642 531 1676 de
559 1642 713 1688 Pylmor
725 1654 737 1676 l
751 1642 881 1676 Patrik
909 1641 954 1676 de
984 1641 1126 1676 Haltoii
1141 1654 1150 1676 ι
1167 1641 1335 1675 William
1362 1641 1407 1675 de
1435 1641 1599 1687 Gourlay
1617 1641 1675 1675 del

289 1711 433 1746 Counte
451 1712 496 1746 de
513 1712 761 1759 Edeneburgh
776 1725 784 1747 ι
802 1712 940 1759 Rogier
958 1712 1002 1746 de
1022 1712 1217 1747 Mortimer
1232 1724 1243 1746 s
1258 1711 1377 1745 Johan
1395 1711 1537 1758 Curryk
1551 1724 1564 1746 l
1578 1711 1676 1746 Wil-

287 1782 371 1816 liam
402 1782 447 1816 de
475 1782 596 1830 Cluny
616 1796 624 1817 l
645 1783 774 1829 Henry
802 1782 847 1817 (16
881 1783 914 1817 13
945 1782 1129 1828 Despense
1147 1795 1159 1816 l
1177 1782 1298 1817 Johan
1332 1781 1377 1815 de
1415 1782 1675 1828 Contegarnyjt

286 1853 445 1888 Thomas
462 1853 508 1887 de
526 1853 659 1888 Catto'fi
674 1865 682 1887 1
698 1853 824 1888 Adam
849 1853 894 1887 de
919 1853 1186 1899 Stywerdestofi
1201 1865 1213 1887 l
1229 1852 1287 1886 del
1306 1852 1454 1886 Counte
1471 1851 1516 1886 de
1536 1851 1648 1886 Perth
1666 1864 1674 1886 l

287 1924 362 1958 Sire
380 1924 485 1958 Nicol
504 1924 548 1958 de
567 1924 721 1959 Grahffm
747 1924 806 1958 del
824 1924 968 1959 Counte
993 1924 1039 1959 de
1057 1924 1225 1958 Linleseu
1242 1935 1250 1958 t
1267 1925 1286 1957 6
1303 1923 1423 1958 Johan
1441 1923 1486 1957 de
1504 1922 1675 1969 Baddeby

287 1993 344 2027 del
363 1994 507 2029 Counte
524 1995 569 2029 de
586 1995 741 2030 Pebbles
756 2007 764 2030 1
779 1995 877 2030 saluz
891 2015 900 2024 ·
943 1996 1023 2030 Pur
1049 2006 1111 2030 ceo
1137 2006 1183 2041 qe
1207 2005 1299 2028 nous
1324 1995 1443 2028 sumes
1467 2004 1585 2028 venuz
1607 1993 1676 2027 313

287 2064 336 2098 foi
354 2066 373 2097 6
391 2065 410 2098 21
428 2065 461 2098 13
480 2065 631 2100 volunte
647 2066 698 2100 du
716 2066 892 2101 tresnoble
910 2067 1041 2101 Prinee
1057 2079 1068 2100 Ι
1081 2067 1101 2100 6
1123 2065 1239 2100 nostre
1264 2065 1359 2099 chier
1385 2064 1559 2110 Seigneur
1574 2076 1586 2098 l
1602 2064 1678 2099 Sire

288 2135 447 2169 Edward
473 2147 536 2181 par
560 2136 594 2169 13
618 2148 721 2182 grace
748 2137 850 2171 Dieu
876 2137 951 2171 Roi
977 2135 1220 2183 Dengleterre
1237 2147 1245 2170 1
1264 2136 1441 2181 Seigneur
1459 2134 1640 2169 Dirlandt
1656 2136 1675 2169 6

288 2206 392 2240 Ducs
410 2206 663 2252 Daquitaigne
675 2219 687 2240 l
701 2218 793 2241 nous
818 2211 1057 2253 promettoms
1083 2218 1152 2252 pur
1169 2217 1261 2240 nous
1278 2207 1297 2240 6
1314 2217 1383 2252 pur
1399 2217 1464 2240 nos
1481 2205 1575 2240 heirs
1592 2218 1603 2240 s
1616 2207 1675 2240 sur

288 2277 394 2323 peine
419 2277 463 2312 de
488 2289 590 2312 cors]
605 2279 624 2312 6
650 2277 830 2313 (131101116
855 2279 913 2313 sur
938 2278 1020 2324 q‘snt
1044 2289 1089 2324 qe
1114 2288 1206 2312 nous
1230 2276 1409 2324 peuffoms
1435 2288 1589 2313 encoure
1605 2288 1676 2323 sqe
