1881 2723
933 249 1002 283 146

272 353 318 387 de
335 352 555 400 Wyggetofi
574 366 586 388 t
605 355 625 389 6
643 354 786 389 Gilbert
803 354 1009 402 Wysehard
1028 368 1040 390 s
1058 354 1083 390 J
1086 366 1154 390 one
1183 355 1229 389 de
1255 355 1289 389 la
1316 355 1423 402 Hassve
1443 367 1456 390 t
1473 354 1605 402 Angos
1623 355 1667 391 de

271 424 460 459 Neutobef
481 437 488 460 t
509 425 652 460 Robert
681 426 726 460 de
755 426 897 461 Kenros
916 439 929 460 l
948 426 1109 462 Richard
1139 426 1184 461 de
1211 426 1422 461 Neutobere
1441 438 1453 460 l
1471 426 1592 461 Johan
1622 426 1668 462 de

273 496 460 531 Stratherfi
477 496 536 530 del
555 496 700 532 Counte
717 498 762 532 de
780 497 933 532 Forfare
954 510 962 533 ι
983 499 1002 532 6
1022 497 1191 532 William
1216 497 1250 532 le
1275 498 1321 532 fiz
1341 497 1455 532 Alain
1479 497 1513 532 16
1531 497 1641 533 Clerk
1657 511 1665 533 l

272 566 317 601 de
345 567 553 603 Louweder
571 581 583 603 l
601 568 741 604 Rober?
770 569 828 603 del
857 569 1027 616 Hospital
1045 581 1057 603 l
1076 569 1184 604 Rauf
1206 568 1363 616 Phelipp
1388 569 1434 603 de
1459 569 1637 616 Berewy'd}
1657 582 1665 604 l

274 637 435 673 Thomas
461 638 506 674 de
532 639 686 686 Selkyrk
700 639 826 674 J'Alice
843 640 888 674 de
906 639 1064 674 Dunbar
1078 653 1089 673 l
1103 642 1122 674 6
1141 640 1283 675 Robert
1307 640 1353 674 de
1371 640 1668 687 Kynbriggelf‘m

273 708 333 743 del
351 709 498 744 Counte
515 709 560 744 de
578 710 755 757 Berewyk
774 722 786 744 l
805 712 824 744 6
842 710 984 744 Robert
1001 711 1046 744 de
1065 710 1214 744 Cribbes
1230 723 1242 744 s
1253 710 1279 745 J
1281 710 1374 744 ohan
1392 710 1437 744 de
1455 711 1641 758 Bykertoh‘
1654 725 1666 746 l

273 780 411 815 Michel
431 781 515 815 Seot
535 792 543 815 l
564 779 722 826 Phelipp
741 780 786 814 de
804 780 994 814 Carribber
1010 793 1018 815 l
1034 781 1060 815 J
1062 780 1156 815 ohan
1175 781 1284 827 Cragi
1301 793 1309 815 l
1325 781 1409 816 Saer
1426 781 1471 815 de
1483 782 1640 817 Dundas
1656 795 1668 817 l

272 851 433 897 Gerueys
450 850 496 884 de
515 850 714 897 Longhiflz
731 851 862 898 Henry
879 851 924 886 de
937 851 1145 899 Dalmahoy
1160 864 1168 887 l
1182 852 1344 887 Riehard
1360 852 1503 887 Arnald
1518 866 1530 887 l
1543 853 1670 888 Huwe

274 922 320 957 de
338 921 539 956 Deresdere
558 934 570 956 l
588 921 807 956 Alisaundre
824 922 870 956 de
887 923 1089 970 Purdeuyn
1108 939 1118 957 l
1137 923 1297 971 Fresszyn
1315 923 1360 958 de
1378 923 1523 971 Duglas
1543 937 1551 959 l
1572 925 1670 959 Mar-

271 992 369 1039 gerie
386 992 432 1027 de
450 992 675 1039 Fairhalugh
692 1005 701 1028 ι
721 994 741 1027 6
759 993 888 1028 Patrik
913 993 947 1027 16
963 993 1011 1028 fiz
1029 994 1150 1028 Johan
1167 994 1201 1029 le
1219 994 1419 1029 Mareschal
1447 994 1505 1029 del
1524 995 1670 1030 Counte

271 1063 317 1098 de
335 1063 507 1099 Linlescu
521 1076 528 1099 t
542 1064 637 1099 saluz
653 1084 661 1092 ·
702 1065 782 1099 Pur
799 1076 861 1099 ceo
888 1067 962 1112 [250.
981 1070 1020 1100 ut
1036 1064 1179 1112 supra]
1208 1065 1357 1100 Don66s
1377 1067 1453 1112 [ege.
1470 1070 1511 1101 ut
1525 1066 1667 1113 supra]

272 1196 396 1241 Item·
447 1205 487 1241 A
505 1210 591 1241 touz
617 1217 722 1240 ceaus
739 1206 805 1252 qui
834 1206 942 1241 cestes
969 1205 1092 1241 lettres
1121 1211 1269 1241 ven-ont
1298 1218 1347 1241 ou
1372 1210 1495 1241 orront
1512 1219 1524 1241 l
1545 1206 1671 1242 Adam

271 1277 418 1323 persone
435 1277 494 1311 del
513 1277 634 1324 Eglise
662 1278 707 1312 (16
726 1278 868 1312 Chastel
899 1278 944 1312 de
969 1277 1187 1326 Rokesburg}
1202 1295 1212 1312 ι
1228 1277 1388 1313 Thomas
1404 1278 1438 1313 16
1455 1278 1608 1313 Pestour
1625 1278 1670 1313 de

269 1347 512 1395 Rokesburgh
525 1361 537 1383 l
550 1349 710 1383 Thomas
729 1349 887 1384 DirIand
902 1361 910 1384 l
930 1349 1040 1383 Maut
1055 1349 1100 1385 de
1119 1350 1346 1384 Mounceaus
1362 1363 1374 1384 l
1388 1349 1447 1385 del
1462 1350 1607 1385 Counte
1625 1350 1671 1385 de

272 1418 516 1466 Rokeiburg’fi
536 1431 548 1453 l
568 1419 702 1453 Mestre
719 1419 828 1454 Nicol
846 1419 891 1453 de
909 1419 1052 1466 Bahnyl
1073 1432 1080 1454 l
1102 1420 1250 1465 persone
1267 1420 1312 1454 de
1331 1420 1488 1455 Kaleder
1505 1421 1644 1455 Comi&
1658 1433 1669 1455 t

270 1490 296 1525 J
298 1490 392 1525 ohan
410 1490 455 1524 de
473 1490 578 1538 Lany
596 1502 608 1524 s
627 1490 685 1524 del
703 1492 832 1525 Comte
857 1490 902 1524 de
927 1490 1176 1537 Edeneburgh
1197 1503 1209 1525 s
1228 1491 1403 1525 Mariorie
1427 1491 1600 1526 Prioreffe
1624 1491 1670 1527 de

271 1561 439 1597 Halistan
458 1575 470 1596 l
490 1561 549 1596 del
579 1566 713 1596 counte
743 1561 788 1595 de
815 1561 998 1608 Berewyk
1016 1573 1028 1595 l
1049 1561 1216 1596 William
1244 1561 1277 1596 16
1295 1561 1434 1596 Parker
1458 1563 1606 1608 persone
1623 1563 1668 1598 de

274 1632 413 1667 Killom
424 1633 588 1668 ‘Anable
601 1645 647 1680 qe
661 1633 700 1668 fu
713 1633 747 1667 13
760 1633 894 1667 femme
908 1633 1037 1668 Patris<
1054 1633 1099 1667 de
1112 1632 1267 1668 Grah‘fm
1277 1646 1288 1668 l
1302 1632 1460 1668 Muriele
1478 1633 1523 1668 de
1542 1633 1669 1669 Inche-

270 1704 386 1752 beeky
405 1718 417 1739 l
436 1705 495 1739 del
513 1709 646 1740 eounte
664 1705 709 1739 de
726 1705 841 1740 Perth
861 1718 873 1740 l
894 1705 979 1740 Elii
1004 1705 1049 1739 de
1068 1705 1159 1752 Spot
1177 1718 1190 1740 t
1208 1705 1268 1740 del
1293 1710 1427 1740 counte
1453 1705 1498 1740 de
1524 1706 1668 1741 Edene-

271 1776 391 1822 burgh
412 1789 424 1810 l
443 1776 603 1811 Thomas
634 1777 680 1812 de
707 1777 844 1811 Bartofi
865 1790 876 1811 1
894 1777 1016 1811 Johan
1043 1777 1089 1811 de
1117 1776 1321 1812 Crauuford
1340 1790 1352 1810 l
1372 1777 1430 1812 del
1448 1778 1594 1812 Counte
1624 1778 1669 1812 de

273 1847 351 1882 Are
369 1863 380 1880 ι
402 1847 600 1882 Ε111’61111116
617 1859 663 1895 qe
679 1848 721 1883 fu
738 1847 772 1882 13
788 1848 924 1882 femme
943 1847 1112 1883 William
1130 1847 1175 1882 de
1193 1848 1395 1883 Hornedefi
1411 1861 1423 1882 t
1438 1848 1607 1883 Winiam
1625 1848 1670 1884 de

275 1918 430 1953 VVesto'fi
451 1932 462 1953 l
479 1918 601 1954 Johan
629 1919 674 1955 de
709 1920 925 1954 Mundeuifl
944 1932 956 1954 s
978 1920 1127 1966 persone
1160 1919 1206 1954 de
1240 1919 1375 1954 Moffet
1400 1919 1593 1955 JWiuiam
1626 1919 1672 1954 de

275 1989 458 2037 Striuelyn
473 2004 484 2024 l
498 1990 606 2026 Nicol
631 1991 677 2026 de
706 1991 888 2026 Swafh‘m
917 1991 1066 2038 persone
1091 1991 1136 2025 de
1154 1991 1300 2026 Graunt
1318 1989 1457 2025 Daltofi
1473 2002 1485 2024 l
1501 1989 1670 2025 William

272 2060 317 2095 de
335 2061 501 2108 Byskeby
519 2061 577 2096 del
596 2061 743 2097 Counte
764 2062 809 2096 de
827 2063 1041 2109 XVyggetofi
1058 2074 1066 2097 l
1082 2061 1240 2096 Andreu
1265 2061 1312 2096 fiz
1332 2060 1504 2096 Godefrei
1529 2060 1575 2095 (16
1591 2061 1669 2096 Ros

274 2131 333 2166 del
350 2131 495 2166 Counte
513 2132 558 2167 de
577 2133 655 2167 Are
675 2145 686 2166 ι
705 2134 730 2168 J
732 2133 826 2168 ohan
853 2133 898 2167 de
917 2134 1028 2169 Setofi
1053 2132 1113 2167 del
1131 2132 1277 2167 Counte
1302 2132 1347 2166 de
1365 2131 1529 2166 Dunfres
1543 2148 1554 2165 l
1570 2132 1669 2167 Mar»

275 2207 399 2250 garete
417 2215 462 2250 qe
479 2202 517 2237 fu
536 2202 571 2237 13
587 2203 721 2237 senune
735 2203 905 2238 William
924 2204 969 2238 de
986 2203 1231 2250 Abernythyn
1244 2215 1255 2237 1
1267 2202 1393 2237 Adam
1410 2202 1457 2238 fiz
1477 2204 1607 2251 Hem->¹⁷
1624 2203 1670 2238 de

273 2274 475 2322 Totherigg
509 2274 567 2309 del
602 2275 748 2310 Counte
781 2275 827 2310 de
853 2275 1032 2322 Berewyk
1047 2287 1059 2310 l
1073 2274 1194 2311 Johan
1228 2274 1273 2309 de
1308 2274 1409 2310 Seint
1437 2275 1576 2310 Miehel
1609 2275 1668 2310 del

275 2346 419 2382 Counte
436 2346 481 2382 de
499 2346 716 2395 Rokesburg
730 2360 742 2382 l
757 2348 780 2382 J
783 2347 877 2382 ohan
894 2347 940 2382 de
958 2347 1110 2395 Haytofi
1124 2346 1286 2384 Gardein
1303 2346 1362 2382 del
1377 2346 1547 2395 Hospital
1566 2347 1667 2385 Seint
