1881 2723
896 192 964 227 166

236 297 353 331 Dieus
368 309 380 331 l
392 308 412 331 e
428 296 478 331 les
498 297 621 332 Seintz
637 317 645 326 ·
673 298 734 332 En
748 298 1013 346 tesmoignance
1026 299 1087 334 des
1101 311 1217 346 queus
1231 300 1349 336 choses
1363 312 1372 337 Ι
1386 312 1477 336 nous
1494 313 1620 336 auoms

234 368 298 402 fait
322 367 408 402 faire
435 368 542 403 cestes
567 368 689 403 lettres
720 369 1024 404 ouertestsealees
1049 369 1095 404 de
1119 382 1184 405 nos
1208 371 1325 406 seaus·
1370 372 1517 407 Donees
1544 375 1618 419 [35⁶²

235 445 274 474 ut
289 440 430 486 supra]

234 570 334 614 Item
383 581 423 615 A
440 585 527 615 touz
555 592 658 615 ceaus
683 581 721 627 qi
747 581 854 615 eestes
879 580 1002 615 lettres
1027 586 1173 616 verront
1198 594 1246 616 ou
1271 587 1393 617 orront
1408 595 1415 617 l
1431 582 1551 618 Johan
1572 582 1618 616 de

234 650 432 698 Lindeseye
453 664 460 685 l
482 651 621 686 Roberf
654 651 700 684 de
734 651 958 696 Coningh‘m
980 663 988 685 1
1008 651 1168 686 Thomas
1195 635 1555 687 Petikreuffzrohan⁷⁷
1564 634 1617 687 (16

231 721 464 755 Steuenestofi
481 734 492 755 t
506 721 631 755 Adam
657 721 702 754 de
728 721 921 754 Moderuat
936 733 948 753 l
965 721 1100 755 Osberfi
1125 722 1170 755 de
1196 721 1387 757 Cliueland
1405 735 1412 757 1
1427 723 1547 757 Johan
1572 723 1618 757 de

230 791 401 826 Coteford
420 804 432 825 l
452 791 573 837 Aleyn
603 791 650 824 fiz
680 790 820 836 Rogier
849 790 895 824 de
926 790 1105 825 Glasrithe
1125 803 1133 825 l
1154 791 1323 826 William
1352 792 1399 827 fiz
1431 793 1538 828 Nieol
1572 794 1617 827 de

237 861 395 908 Stragrif
406 874 413 896 l
430 861 552 895 Pieres
569 860 615 894 de
633 860 850 907 Carnwedry
866 873 877 894 s
891 861 1062 896 VVautier
1079 861 1125 896 fiz
1145 862 1288 897 Gilbert
1312 863 1358 897 de
1380 863 1589 900 Hameldofi
1604 878 1615 898 l

228 933 350 966 Pieres
368 931 413 965 de
427 931 558 965 Pollok
576 944 587 965 s
604 931 733 978 Hem-y
751 931 797 965 de
811 932 1019 979 VVanewyk
1032 945 1043 967 s
1057 934 1082 968 J
1083 933 1176 967 ohan
1190 933 1235 968 de
1248 934 1451 969 VVincestre
1467 947 1475 969 l
1490 935 1616 970 Dauid

227 1003 271 1038 de
292 1002 511 1037 Creffewelle
528 1015 535 1037 t
552 1002 723 1036 William
741 1002 851 1037 Culte
869 1003 915 1037 de
935 1003 1160 1038 Strathawan
1177 1017 1189 1038 s
1203 1004 1323 1039 Johan
1338 1006 1463 1052 Bruyn
1482 1006 1527 1040 de
1538 1006 1616 1040 Kil-

227 1074 327 1108 bride
341 1086 349 1108 1
364 1073 537 1108 VVautier
564 1073 608 1107 de
638 1073 864 1108 Strathawan
879 1086 890 1107 t
904 1074 1033 1120 Henry
1061 1074 1106 1108 de
1134 1075 1339 1110 Wincestre
1356 1088 1363 1110 l
1384 1076 1541 1111 Steuene
1570 1077 1615 1111 de

227 1144 485 1190 Cormanough
502 1160 512 1177 ι
530 1144 690 1178 Richard
720 1143 754 1178 16
781 1144 943 1191 Engleys
963 1157 975 1178 l
994 1144 1134 1180 Roberf
1160 1145 1205 1179 de
1235 1146 1364 1192 Burgb
1385 1159 1392 1181 t
1413 1147 1542 1182 Dauid
1567 1147 1614 1181 fiz

227 1216 351 1250 Cauan
364 1215 409 1249 de
423 1214 581 1249 Carduff
591 1227 599 1249 l
615 1214 783 1249 William
799 1214 834 1248 16
847 1215 977 1249 Porter
989 1227 1000 1249 l
1016 1215 1145 1262 Henry
1162 1216 1208 1251 de
1226 1216 1388 1251 Foultofi
1404 1229 1415 1250 l
1431 1217 1557 1252 Huwe
1573 1217 1619 1252 de

226 1286 344 1332 Bigge
361 1298 369 1320 l
385 1285 604 1319 Alisaundre
632 1285 678 1319 de
711 1284 898 1331 Belgauen
915 1298 926 1318 l
942 1285 1082 1320 Rober?
1116 1285 1219 1320 Cruk·
1252 1286 1297 1320 de
1330 1287 1612 1333 Fingaldestofit

225 1355 345 1391 Johan
363 1356 515 1390 Hunter
540 1356 585 1389 de
610 1355 643 1389 13
668 1355 795 1390 foreste
820 1355 866 1389 de
891 1355 1048 1402 Paffelay
1066 1369 1073 1391 ι
1092 1356 1291 1403 Baldewyn
1308 1357 1353 1391 de
1370 1345 1584 1393 Edmerstofi
1600 1372 1611 1391 l

227 1426 355 1461 Dauid
382 1425 529 1461 Sibbald
543 1442 553 1458 l
571 1426 616 1459 de
638 1425 906 1472 Augansauche
922 1426 1066 1461 [Johan
1091 1426 1136 1460 de
1161 1427 1339 1473 Anesseye
1363 1428 1409 1462 de
1434 1429 1585 1463 Crucfuf
1600 1443 1611 1462 l

227 1497 394 1532 William
418 1497 465 1531 fiz
498 1497 619 1530 Pieres
649 1496 694 1530 de
723 1496 950 1543 Strathafayn
965 1508 973 1530 1
987 1496 1111 1530 Adam
1138 1497 1183 1531 de
1212 1497 1359 1532 Dowan
1375 1511 1387 1531 l
1402 1498 1543 1533 Robert
1568 1499 1613 1534 de

226 1568 375 1602 Cribbes
391 1580 403 1602 l
419 1568 554 1614 Symon
584 1567 630 1601 de
658 1566 692 1600 la
719 1567 860 1601 Souche
876 1580 887 1601 s
900 1566 1068 1601 William
1099 1567 1145 1601 de
1175 1567 1371 1614 Coughran
1388 1580 1396 1603 s
1413 1569 1536 1603 Pieres
1564 1571 1611 1605 fiz

226 1638 364 1674 Gerard
382 1638 427 1672 de
446 1638 603 1684 Stragrif
612 1654 622 1670 κ
639 1638 765 1672 Huwe
788 1637 822 1672 16
840 1638 992 1672 Hunter
1016 1638 1061 1672 de
1080 1638 1238 1684 Stragrif
1248 1650 1256 1672 s
1273 1638 1434 1673 Richard
1451 1639 1485 1673 le
1502 1640 1611 1675 Hun-

225 1714 280 1743 ter
295 1708 341 1742 de
359 1708 516 1754 Stragrif
526 1720 538 1741 l
552 1707 772 1741 Alisaundre
790 1708 835 1741 de
852 1707 1008 1741 Foward
1024 1720 1036 1741 l
1049 1707 1207 1742 Thomas
1233 1707 1266 1741 le
1284 1708 1481 1743 Brewester
1496 1723 1503 1744 l
1517 1710 1562 1746 (16
1578 1711 1612 1745 13

226 1780 354 1813 foreste
372 1779 417 1812 de
435 1778 614 1824 Paffeleye
628 1791 639 1812 l
653 1777 792 1812 Roberf
817 1778 851 1812 16
877 1777 1041 1812 Machun
1066 1778 1111 1812 de
1130 1778 1333 1813 Strathafan
1348 1791 1356 1813 l
1374 1779 1553 1827 Phelippe
1568 1782 1614 1816 de

226 1849 383 1895 Perthay
398 1861 409 1883 l
428 1849 562 1894 Symon
588 1848 633 1882 de
658 1847 692 1881 la
717 1848 823 1882 More
849 1848 894 1882 de
912 1848 1184 1894 Thaugarstofit
1204 1848 1362 1883 Thomas
1386 1850 1420 1884 16
1438 1851 1613 1898 Wrighte

225 1920 269 1954 de
286 1920 319 1954 la
332 1918 542 1953 Blakehalle
557 1931 568 1952 l
588 1919 722 1965 Symon
736 1919 781 1952 de
796 1919 981 1965 Aynestofi
996 1931 1007 1952 s
1022 1919 1146 1953 Adam
1161 1919 1208 1954 fiz
1225 1919 1379 1955 Matheu
1393 1920 1437 1956 de
1447 1921 1584 1968 Rugan
1601 1936 1609 1958 l

223 1989 331 2025 Nicol
357 1989 402 2023 de
418 1991 584 2036 Benauty
599 2005 608 2022 s
626 1989 830 2023 Erchebald
854 1989 900 2023 de
918 1989 1157 2035 Harpenfeud
1174 2002 1182 2024 l
1199 1990 1339 2025 Gilbeff
1364 1991 1411 2026 fiz
1437 1992 1611 2038 Gregoire

226 2060 271 2094 de
297 2058 566 2105 Cronrotheryk
580 2072 591 2093 s
605 2059 784 2094 Gotherik
810 2059 856 2093 fiz
883 2059 1041 2094 Matheu
1065 2059 1112 2094 de
1137 2060 1607 2107 CronrotheryksWilliam

226 2129 454 2176 Knightesofi
483 2129 528 2163 de
557 2129 747 2175 Eglessr‘m
769 2142 776 2163 l
796 2130 821 2163 J
823 2130 917 2164 ohan
947 2130 992 2164 de
1020 2130 1054 2163 la
1084 2130 1226 2176 Cragge
1245 2143 1257 2164 l
1274 2131 1395 2165 Johan
1426 2131 1534 2179 Petyt
1563 2134 1608 2167 de

225 2201 385 2236 Miernes
401 2212 408 2234 ι
422 2199 533 2234 Frere
551 2199 718 2233 William
740 2199 869 2233 Priour
886 2200 931 2233 de
950 2199 1148 2246 Blauntyrl
1168 2200 1333 2235 William
1351 2201 1397 2235 de
1414 2202 1578 2249 Maghan
1594 2218 1605 2238 κ

228 2271 357 2305 Patrik
373 2270 418 2305 de
436 2269 600 2317 Maghan
616 2283 628 2305 s
643 2269 821 2304 Edmund
840 2270 884 2304 de
902 2270 1119 2305 Colbenston
1135 2283 1143 2306 t
1160 2271 1294 2306 Isabele
1311 2272 1356 2307 de
1374 2272 1581 2309 Calrewode
1595 2289 1607 2310 t
