1881 2723
140 969 185 999 M.
203 967 230 998 1.
273 954 337 999 IN
363 963 579 999 NOMINE
609 964 815 1000 DOMINI
841 965 1004 1001 AMEN
1020 986 1027 994 ·
1080 966 1267 1008 Quoniam
1293 968 1396 1014 pium
1415 967 1481 1002 elle
1506 968 1665 1003 creditur

269 1036 496 1070 meritorium
523 1048 562 1070 ac
580 1036 718 1071 salubre
735 1038 880 1071 veritati
895 1038 1140 1072 testimonium
1154 1038 1301 1084 phibere
1314 1052 1321 1074 ι
1335 1039 1419 1074 licet
1442 1039 1533 1074 illud
1550 1041 1664 1075 facere

268 1107 408 1141 racione
433 1107 542 1142 officii
570 1113 716 1155 rogatus
747 1109 936 1155 corporalis
968 1114 1090 1144 tenear
1107 1110 1255 1145 vinculo
1268 1111 1294 1146 J
1297 1112 1475 1146 uramenti
1490 1125 1501 1146 l
1517 1118 1553 1147 et
1577 1113 1662 1159 quia

267 1177 390 1225 pleriq»,
412 1171 545 1224 {iterita
562 1181 771 1214 memoriter
788 1185 928 1215 retenta
952 1181 1079 1216 futura
1103 1182 1216 1217 facere
1245 1194 1309 1217 nos
1338 1183 1523 1218 instruunt
1549 1188 1586 1218 et
1610 1185 1664 1218 in-

268 1249 427 1284 formant
458 1250 590 1285 idcirco
616 1251 661 1285 ad
686 1256 860 1298 ppetuam
888 1253 938 1286 rei
963 1254 1176 1287 memoriam
1203 1254 1307 1300 super
1325 1254 1517 1301 quib3da1n
1536 1257 1664 1301 quein

269 1321 341 1355 mei
375 1321 590 1368 infrascripti
617 1323 747 1356 notarii
765 1335 776 1356 l
795 1331 818 1358 *t
849 1323 997 1357 testium
1030 1324 1254 1371 subseriptozz
1282 1325 1329 1359 ad
1357 1324 1425 1360 hoc
1451 1331 1664 1361 vocatorum

267 1391 464 1438 specialiter
491 1398 527 1427 et
557 1398 710 1439 rogatoq
738 1393 875 1428 fiebant
904 1395 1083 1441 presencia
1107 1400 1255 1442 rogatus
1280 1408 1366 1431 cum
1384 1408 1425 1431 ea
1442 1409 1514 1444 qua
1539 1402 1665 1444 potero

267 1463 460 1510 diligencia
477 1476 600 1511 ppono
617 1465 767 1500 scribere
785 1478 858 1513 que
876 1467 960 1501 sunt
977 1467 1139 1501 veritatis
1157 1480 1164 1502 l
1180 1472 1222 1502 vt
1238 1468 1284 1503 fic
1301 1468 1437 1503 futuris
1463 1470 1662 1517 temporib·-7

267 1547 352 1570 cum
379 1535 513 1571 necesse
540 1536 653 1572 fuerit
683 1541 720 1572 et
746 1538 824 1572 sciri
853 1538 1011 1573 voluerit
1035 1539 1224 1586 quondam
1249 1540 1387 1575 factum
1412 1542 1516 1588 regni
1543 1542 1665 1577 Scocie

266 1608 458 1654 tangencifi
490 1608 620 1643 veritas
654 1609 692 1643 in
723 1609 788 1644 hac
817 1614 941 1657 parte}
958 1611 1003 1645 ad
1031 1611 1172 1658 presens
1202 1612 1444 1648 instrumento
1472 1613 1663 1660 publicum

268 1678 508 1726 subscriptum
535 1680 745 1715 huiusmodi
774 1681 860 1716 scire
888 1682 1051 1717 volentes
1076 1684 1267 1719 veritatem
1287 1688 1296 1720 Ξ
1318 1685 1501 1719 recursum
1536 1686 1666 1721 habere

266 1751 426 1795 poterint
454 1756 678 1797 oportunum
695 1766 706 1786 l
725 1753 830 1800 super
857 1756 1037 1789 contentis
1068 1756 1107 1789 in
1133 1756 1261 1790 eodem
1287 1756 1481 1803 aliqualem
1498 1744 1664 1803 Ρνθῗίῖοη

267 1823 528 1859 ἰηΐοῑῐηειοόεῐη
572 1826 664 1860 circa
709 1839 750 1861 ea
796 1840 868 1873 que
906 1840 970 1874 per
1006 1829 1205 1864 humanam
1244 1830 1458 1865 labilitatem
1486 1843 1498 1865 l
1522 1842 1663 1866 necnon
1699 1878 1702 1881 v

268 1898 304 1928 et
335 1895 507 1941 temporis
540 1896 679 1943 lapsum
696 1909 743 1931 sa
773 1899 947 1933 memoria
975 1899 1189 1935 recesserunt
1219 1902 1257 1935 in
1282 1902 1493 1948 scripturam
1520 1902 1663 1938 redacta

267 1976 330 2011 per
369 1965 470 2001 istius
503 1967 762 2014 inspectionem
795 1970 1028 2006 instrumenti
1068 1973 1243 2007 memorie
1283 1973 1493 2008 redueant2·
1570 1974 1663 2009 Sane

268 2036 411 2071 suborta
441 2037 585 2073 dudum
614 2040 710 2075 inter
739 2041 977 2077 excellentem
1007 2043 1209 2090 principem
1234 2044 1324 2079 dfim
1341 2044 1570 2081 Edwardum
1589 2045 1663 2081 Dei

266 2109 382 2154 gracia
400 2109 547 2157 Regem
565 2111 704 2159 Anglie
730 2112 904 2149 illustrem
921 2127 933 2149 t
949 2118 987 2149 et
1003 2114 1029 2150 J
1031 2115 1211 2152 ohannem
1236 2116 1363 2152 eadem
1387 2118 1505 2165 gracia
1522 2119 1663 2165 Regem

269 2179 402 2223 Scotozg
417 2200 425 2209 ·
438 2193 478 2216 ac
505 2182 654 2231 vtriusffi
670 2184 774 2231 regni
791 2185 930 2221 nobiles
955 2190 993 2221 et
1010 2187 1143 2223 incolas
1158 2201 1170 2223 s
1186 2188 1386 2224 seminante
1401 2190 1498 2236 pacis
1515 2190 1638 2225 emulo
1652 2203 1660 2224 l

269 2252 511 2288 contencionis
536 2258 573 2289 et
598 2254 772 2292 discordie
795 2258 946 2293 materia
959 2271 971 2293 l
986 2270 1026 2294 ac
1043 2259 1081 2295 in
1099 2265 1245 2296 tantum
1268 2265 1484 2307 procurante
1500 2261 1662 2308 superbie
