1881 2723
137 1005 238 1034 3132.

945 186 1014 224 167

281 287 500 324 Alisaundre
535 288 619 323 Scot
639 301 651 322 l
669 288 715 323 de
748 288 934 336 Pertheyk
954 302 966 324 s
984 290 1160 325 Rouland
1194 291 1239 324 de
1272 292 1468 327 Cromkam
1483 306 1495 327 l
1510 294 1670 329 Richard

281 358 477 393 Lawesone
510 358 556 392 de
590 359 715 405 Bykre
734 371 746 393 l
765 359 910 394 Gilbert
942 360 989 394 de
1021 361 1211 407 Leppeine
1226 373 1238 395 l
1253 362 1373 408 Hugh
1408 363 1453 397 de
1487 364 1637 399 Grenok
1660 379 1670 398 l

278 430 438 464 Thomas
455 429 500 464 de
512 429 637 464 Clenel
651 442 662 463 l
678 430 802 477 Roger
818 430 852 465 le
866 429 1020 466 Orfeure
1036 431 1081 466 de
1092 431 1270 479 Berewfflvk'
1284 445 1292 468 l
1306 433 1431 468 Adam
1450 434 1494 469 de
1506 435 1642 469 Donan
1657 453 1667 468 l

279 500 435 535 Richard
460 500 506 535 de
534 500 683 547 Horssey
700 513 708 535 l
725 500 895 535 William
922 502 1052 549 Hardy
1066 514 1077 536 1
1089 502 1251 537 William
1279 503 1324 538 de
1355 504 1516 552 Elgeryk
1529 518 1540 539 s
1557 506 1669 540 Gille-

279 570 435 617 homedy
448 583 459 605 l
475 571 602 617 Roger
618 571 663 606 de
682 571 843 619 Merleye
859 584 871 606 Ι
885 572 1016 607 Patrik
1041 573 1088 607 (16
1105 573 1296 608 Comenok
1311 587 1318 609 t
1335 575 1465 609 Pau-ik
1483 577 1529 611 fiz
1549 578 1574 612 J
1576 577 1668 611 ohan

277 642 323 676 de
340 641 435 688 Boys
451 653 462 675 l
475 642 581 676 Pat³k
603 642 650 676 fiz
668 644 691 676 J
693 642 786 677 ohan
804 643 943 678 Neiuin
958 655 966 678 ι
982 643 1151 679 William
1169 644 1215 679 fiz
1234 645 1340 680 Gode
1365 646 1411 680 de
1439 647 1560 681 seinte
1585 648 1642 694 foy
1657 662 1667 681 l

278 712 403 747 Adam
437 711 483 746 de
516 712 657 747 Cadiou
675 725 682 747 l
703 714 842 760 Rogier
875 714 922 748 de
951 714 1120 749 Glasford
1141 727 1149 750 l
1170 715 1345 751 Cristiane
1380 717 1577 752 Semlaund
1599 731 1607 753 l
1627 719 1671 752 de

278 783 419 818 Cadiou
447 783 506 817 del
534 783 679 818 Counte
713 784 759 818 de
793 784 940 819 Lanark
954 797 966 818 l
984 785 1079 820 saluz
1097 805 1105 813 ·
1149 786 1228 820 Pur
1257 798 1320 821 ceo
1352 789 1427 835 [ege.
1459 794 1498 823 ut
1526 791 1670 837 supra]

279 853 428 889 D0n6eis
456 856 530 901 [ἐξα.
548 859 589 889 ut
603 855 747 902 supra]

280 986 381 1031 Item
430 995 469 1029 A
486 999 574 1030 touz
593 1006 696 1030 ceaus
719 995 785 1041 qui
811 995 918 1030 cestes
944 995 1067 1031 lettres
1093 1001 1240 1031 verront
1264 1009 1313 1032 ou
1338 1004 1486 1034 orronts
1500 999 1605 1034 Rauf
1627 1002 1672 1035 (16

279 1065 438 1100 Laseeles
453 1078 460 1101 ι
477 1066 603 1100 Adam
620 1066 666 1100 de
683 1066 907 1113 Gloggestofi
922 1080 934 1101 l
949 1067 1074 1102 Huwe
1092 1067 1137 1101 de
1152 1068 1302 1103 Neutofi
1317 1081 1325 1103 l
1342 1069 1487 1116 Austyn
1505 1071 1550 1106 de
1566 1071 1670 1106 Mur-

276 1136 334 1170 ref
342 1149 349 1171 l
366 1136 490 1171 Adam
504 1136 550 1171 de
563 1136 812 1171 Gibelotestofi
828 1149 840 1171 s
851 1137 966 1171 Aliue
979 1137 1024 1172 de
1038 1138 1216 1185 Vypount
1229 1151 1241 1173 l
1254 1139 1379 1174 Adam
1397 1141 1442 1175 de
1455 1141 1636 1177 Kirketofi
1656 1155 1663 1177 l

278 1206 436 1242 Riehard
465 1207 512 1241 de
541 1206 858 1242 Passenandeshufl
876 1220 884 1243 l
901 1208 960 1243 del
990 1209 1137 1243 Counte
1166 1210 1212 1244 de
1241 1210 1491 1257 Edeneburgh
1511 1225 1523 1246 l
1543 1212 1672 1259 Hem-y

275 1278 381 1323 psone
398 1278 456 1313 del
474 1278 595 1325 Eglise
613 1278 658 1312 de
678 1278 888 1314 Munime11
904 1279 964 1314 del
981 1279 1127 1314 Counte
1151 1280 1197 1314 de
1223 1281 1300 1327 Fyf
1314 1293 1322 1315 ι
1338 1281 1498 1316 Druwet
1522 1282 1567 1317 de
1586 1283 1667 1317 Kil-

275 1348 356 1382 brid
372 1362 384 1382 J
397 1348 455 1383 del
469 1348 614 1383 Counte
632 1349 677 1383 (16
690 1350 770 1384 Are
783 1362 795 1383 l
812 1349 981 1385 william
999 1350 1044 1384 de
1059 1350 1173 1397 Sulby
1186 1363 1198 1384 l
1210 1351 1269 1385 (161
1282 1352 1427 1387 Counte
1440 1353 1486 1387 de
1498 1353 1645 1388 Lanark
1661 1367 1668 1388 ι

276 1419 452 1453 Alianore
465 1419 635 1454 Priorefl'e
649 1420 694 1454 (16
707 1420 923 1455 Lencludan
939 1433 952 1455 l
967 1421 1025 1455 (161
1038 1421 1184 1456 Counte
1196 1421 1242 1456 de
1253 1422 1418 1457 Dunfres
1431 1436 1443 1458 l
1456 1423 1671 1459 Maucolum

277 1490 395 1536 W5⁷et
419 1490 478 1525 del
504 1491 650 1526 Counte
675 1491 721 1525 de
746 1492 898 1539 Anegos
913 1504 921 1527 ι
937 1492 1156 1527 Alisaundre
1182 1493 1227 1528 de
1252 1494 1407 1529 Harcars
1424 1495 1508 1529 [(161
1526 1496 1672 1531 Counte

278 1561 324 1595 de
353 1561 431 1608 Fyf
445 1574 452 1596 l
469 1561 592 1609 Aleyn
620 1562 827 1610 Fraunceys
846 1580 857 1596 ι
878 1563 1011 1610 Henry
1040 1565 1222 1599 Braeeour
1251 1565 1296 1600 de
1323 1565 1348 1600 J
1350 1565 1562 1600 eddeworth
1583 1578 1591 1601 ι
1611 1566 1670 1600 (161

279 1632 425 1666 Counte
450 1632 495 1667 de
520 1632 763 1680 Rokesburgh
780 1646 788 1668 1
804 1634 974 1669 William
1000 1636 1148 1681 persone
1178 1635 1237 1670 del
1261 1635 1383 1682 Eglise
1415 1636 1460 1671 de
1487 1636 1645 1671 Aldh‘m
1660 1650 1671 1670 t

279 1702 337 1737 del
371 1703 516 1737 Counte
550 1703 595 1737 de
629 1704 879 1751 Edeneburgh
908 1718 921 1739 l
944 1705 1124 1752 Phelippe
1152 1706 1198 1741 de
1229 1707 1368 1741 Lintofi
1395 1720 1407 1741 l
1433 1707 1493 1742 del
1527 1708 1672 1743 Counte

279 1773 325 1807 de
354 1773 531 1819 Berewyk
551 1786 562 1807 t
581 1774 709 1808 Dauid
738 1775 784 1809 de
814 1776 933 1810 Beton
954 1776 1113 1811 chiualer
1132 1790 1144 1811 t
1163 1776 1222 1811 del
1250 1777 1395 1812 Counte
1418 1778 1463 1812 de
1488 1778 1636 1813 Forfare
1657 1792 1669 1812 s

280 1843 434 1878 Eustace
463 1844 508 1878 de
534 1844 711 1879 Bikertofi
741 1845 799 1879 del
829 1846 975 1881 Counte
1003 1847 1048 1881 de
1076 1847 1143 1881 Fif
1156 1860 1168 1881 l
1186 1847 1405 1882 Alisaundre
1429 1849 1576 1894 persone
1605 1849 1664 1883 del

280 1914 402 1961 Eglise
436 1915 482 1949 de
520 1915 627 1963 Logy'r
650 1929 662 1950 l
689 1915 748 1950 del
782 1917 927 1952 Counte
960 1917 1006 1952 de
1039 1917 1188 1953 Forfare
1213 1932 1225 1953 l
1249 1919 1389 1953 Moriee
1425 1919 1471 1953 de
1504 1920 1665 1966 Ughter-

279 1986 417 2033 ardogh
460 1986 520 2021 del
562 1987 706 2022 Counte
748 1987 794 2022 de
831 1988 1127 2035 Ughterardoure
1150 2002 1162 2023 l
1185 1990 1211 2024 J
1213 1989 1307 2024 ohan
1341 1990 1387 2024 de
1421 1990 1639 2037 Sharpertofi
1661 2004 1669 2025 l

278 2057 324 2092 de
357 2057 635 2105 Edeneburght
656 2059 777 2106 Aleyn
813 2058 858 2094 de
892 2059 926 2093 13
956 2060 1165 2095 Garderobe
1184 2073 1196 2094 l
1215 2060 1274 2094 del
1301 2060 1448 2096 Counte
1473 2061 1639 2097 auantdit
1656 2076 1668 2095 ι

279 2128 497 2164 Alisaundre
522 2129 568 2164 de
593 2129 803 2177 Creyghtoii
832 2130 878 2166 de
908 2131 1041 2166 mesme
1069 2131 1104 2166 16
1133 2132 1447 2167 CountetPatrik
1475 2133 1522 2167 fiz
1549 2133 1669 2168 Johan

278 2199 412 2247 Neuyn
429 2200 488 2235 del
506 2200 651 2236 Counte
668 2201 714 2236 de
728 2202 875 2237 Lanark
888 2215 900 2237 s
916 2205 999 2238 Saer
1015 2202 1060 2238 de
1072 2202 1230 2238 Dundas
1247 2216 1259 2238 l
1273 2205 1293 2238 6
1311 2203 1472 2251 Gerueys
1489 2203 1535 2238 de
1548 2203 1670 2250 Lang-

280 2270 356 2305 hild
373 2270 431 2306 del
449 2271 595 2307 Counte
611 2272 657 2307 de
676 2272 838 2308 Linliseu
857 2285 864 2308 l
880 2272 975 2308 saluz
989 2293 998 2303 ·
1041 2274 1121 2309 Pur
1145 2285 1207 2309 ceo
1228 2285 1274 2320 qe
1296 2285 1388 2310 nous
1412 2274 1528 2308 sumes
1549 2284 1667 2308 venuz
