1881 2723
945 202 1015 237 170

281 290 545 350 Dengle‘Presess
569 304 673 338 Ducs
690 303 935 351 Daquitaigne
949 316 956 339 ι
970 315 1062 339 nous
1085 308 1323 351 promettoms
1347 316 1419 352 pur
1442 317 1535 341 nous
1560 306 1580 340 ό
1605 318 1677 353 pur

282 385 346 408 nos
372 374 464 408 heirs
480 387 491 408 l
503 374 562 409 sur
586 374 693 421 peine
722 375 768 409 de
792 386 868 409 cors
886 377 906 409 ό
931 375 1058 410 dauoir
1077 388 1088 410 s
1107 377 1126 410 e
1143 377 1202 410 sur
1219 376 1300 423 qaent
1319 388 1364 423 qe
1382 388 1473 411 nous
1497 375 1676 424 peuffoms

284 456 437 479 encoure
462 456 507 491 qe
532 456 623 479 nous
648 445 683 492 ly
709 445 897 480 seruiroms
922 445 1006 480 bien
1031 448 1051 480 e
1077 445 1262 481 leaurnent
1290 451 1413 482 contre
1442 451 1535 482 totes
1566 453 1676 494 gentz

284 517 349 562 qui
376 520 530 562 puri-ont
556 516 661 550 viure
688 517 708 551 ἑ
732 516 842 551 morir
855 529 867 550 l
879 521 972 551 totes
989 517 1038 551 les
1056 517 1127 552 foiz
1146 529 1191 564 qe
1207 530 1299 552 nous
1316 519 1464 553 serroms
1488 518 1610 565 requis
1629 530 1678 553 ou

286 587 411 634 garniz
430 587 475 622 de
491 599 556 634 par
569 587 686 622 nostre
701 587 876 634 Seigneur
893 587 927 622 le
941 587 1014 622 Roi
1028 588 1272 635 Dengleterre
1285 589 1450 624 auantdjt
1464 602 1476 623 l
1490 601 1537 624 ou
1552 601 1616 636 par
1628 590 1679 624 ses

290 657 383 693 heirs
399 677 407 686 ·
442 659 462 692 ό
480 670 525 704 qe
549 668 642 692 nous
658 657 738 692 leur
754 657 906 703 damage
931 669 977 691 ne
994 658 1152 692 sauroms
1169 670 1214 704 qe
1232 669 1323 692 nous
1353 658 1413 693 nel
1436 659 1678 694 destorbeoms

286 729 304 762 zi
322 732 378 762 tot
394 727 512 762 nostre
527 739 614 774 poer
627 740 638 761 l
651 729 670 761 ό
687 727 721 761 le
737 727 816 761 leur
841 727 995 761 faceoms
1014 728 1032 760 ᾗ
1050 727 1165 761 sauoir
1178 747 1186 755 ·
1222 727 1256 761 E
1274 728 1293 761 21
1311 728 1418 763 cestes
1443 728 1560 764 choses
1586 730 1680 764 tenir

286 801 305 834 e
322 798 451 846 garder
467 810 558 832 nous
576 797 775 843 obligeoms
793 808 885 831 nous
902 798 922 831 e
940 808 1004 831 nos
1022 797 1115 831 heirs
1138 810 1145 832 l
1166 799 1186 832 ό
1204 802 1291 832 touz
1309 809 1374 833 nos
1391 798 1493 834 biens
1512 812 1523 834 l
1538 801 1558 834 έ
1576 804 1681 835 outre

284 881 346 905 ceo
363 880 489 903 auoms
499 868 603 913 jurez
621 868 679 902 sur
699 868 838 902 Seintes
855 867 1068 915 Eu‘sngeiles
1084 888 1092 896 ·
1137 868 1241 903 Estre
1258 881 1320 904 ceo
1337 881 1428 904 nous
1446 874 1531 905 touz
1549 871 1569 905 ἑ
1587 870 1681 905 ches-

284 952 354 975 cun
373 940 418 974 de
434 951 526 974 nous
543 951 607 985 par
623 939 672 973 soi
689 951 816 973 auoms
833 939 901 973 fait
918 939 1038 973 feaute
1055 940 1073 973 ἑ
1091 941 1154 974 ηῗε
1173 939 1351 987 Seigneur
1372 940 1406 975 le
1423 940 1497 976 Roi
1514 941 1681 976 auantdit

286 1023 329 1046 en
349 1010 456 1045 cestes
473 1010 612 1056 paroles
628 1030 636 1038 ·
675 1010 744 1045 Jeo
770 1010 874 1044 serrai
899 1009 968 1044 feal
996 1012 1016 1045 έ
1036 1009 1128 1044 leals
1144 1011 1164 1044 ό
1188 1010 1241 1045 foi
1265 1012 1285 1045 ό
1309 1011 1428 1046 leaute
1455 1013 1610 1058 porterai
1635 1025 1681 1047 au

287 1082 361 1117 Roi
387 1082 548 1116 Edward
573 1081 648 1117 Roi
674 1069 879 1128 Dengle‘Pre
897 1082 939 1116 ιέ
968 1081 988 1115 zi
1012 1081 1063 1115 ses
1093 1081 1186 1115 heirs
1202 1094 1214 1116 l
1229 1081 1274 1116 de
1298 1082 1357 1116 vie
1381 1083 1401 1116 ό
1431 1082 1477 1117 de
1501 1083 1650 1118 menbre
1670 1097 1678 1118 ι

288 1155 307 1187 e‘
325 1153 370 1188 de
387 1152 518 1187 terrien
541 1151 661 1186 honur
680 1164 692 1186 l
711 1156 835 1187 contre
852 1155 945 1186 totes
963 1155 1073 1198 gentz
1100 1151 1165 1198 qui
1182 1155 1336 1198 purront
1352 1152 1456 1187 viure
1477 1164 1527 1187 ou
1543 1153 1654 1187 morir
1669 1167 1681 1187 l

290 1225 309 1258 ὁ
328 1225 484 1270 jammes
501 1235 573 1270 pur
589 1223 678 1270 nuly
695 1234 811 1257 armes
827 1234 874 1257 ne
899 1223 1055 1269 porterai
1070 1235 1082 1257 s
1097 1234 1170 1257 nen
1187 1222 1318 1257 conseil
1334 1234 1406 1258 nen
1424 1223 1504 1258 eide
1520 1235 1566 1258 ne
1583 1225 1685 1259 serrai

290 1297 413 1328 contre
436 1294 554 1340 lyrne
581 1298 704 1328 contre
729 1294 780 1328 ses
805 1293 900 1328 heirs
916 1305 927 1328 l
942 1305 988 1328 en
1017 1293 1083 1328 nul
1110 1304 1167 1328 cas
1196 1305 1242 1339 qe
1265 1297 1352 1340 poet
1375 1294 1501 1329 auenir
1516 1307 1528 1329 s
1543 1296 1563 1329 ό
1587 1293 1683 1329 leau-

287 1370 390 1400 ment
406 1365 632 1412 reconustrey
648 1377 656 1400 l
672 1367 691 1399 e'
709 1364 898 1400 leaument
914 1365 980 1399 frai
996 1364 1046 1399 les
1065 1365 1217 1399 seruices
1235 1376 1280 1411 qe
1297 1369 1508 1411 apartenent
1530 1377 1567 1400 as
1584 1370 1683 1400 tene-

289 1440 412 1471 mentz
429 1448 475 1483 qe
491 1436 553 1482 jeo
580 1435 685 1470 cleim
713 1435 808 1470 tenir
836 1436 882 1470 de
898 1435 935 1482 151
951 1448 962 1469 t
976 1435 1001 1469 fi
1028 1435 1149 1470 meide
1167 1435 1286 1470 Dieus
1313 1437 1333 1470 e
1353 1435 1403 1470 les
1422 1436 1546 1471 Seintz
1562 1456 1570 1464 ·
1621 1436 1682 1471 En

288 1507 555 1554 tesmoignance
581 1506 643 1541 des
661 1517 777 1553 queus
805 1505 924 1540 choses
957 1517 1049 1540 nous
1076 1517 1203 1540 auoms
1232 1505 1297 1540 fait
1321 1505 1410 1541 faire
1434 1506 1542 1542 cestes
1562 1506 1685 1541 lettres

292 1582 434 1613 ouertes
450 1577 577 1612 sealees
595 1577 640 1611 de
657 1588 722 1611 nos
739 1577 837 1612 seaus
851 1597 858 1604 ·
911 1577 1060 1612 Donees
1088 1578 1162 1624 [850.
1181 1581 1222 1611 αἱ
1235 1577 1381 1623 supra]

294 1709 396 1754 Item
446 1718 485 1753 A
519 1723 604 1753 touz
630 1730 735 1753 ceaus
760 1718 826 1764 qui
859 1718 965 1752 cestes
990 1717 1114 1752 lettres
1148 1722 1295 1752 verront
1332 1729 1381 1752 ou
1416 1718 1689 1753 orronttFrere

268 1796 273 1801 ‘
297 1789 424 1824 Huwe
452 1789 614 1824 ministre
643 1789 700 1824 del
730 1789 834 1823 ordre
865 1788 910 1823 de
938 1788 972 1822 la
991 1788 1133 1823 Trinite
1151 1788 1196 1823 de
1214 1788 1388 1823 Aberdefi
1406 1789 1464 1823 del
1482 1789 1627 1824 Counte
1644 1790 1689 1824 de

295 1860 469 1895 Aberdefi
484 1873 491 1895 l
509 1860 627 1895 Mai-ie
654 1872 698 1906 qe
725 1860 766 1895 fu
795 1859 829 1894 la
857 1859 991 1895 femme
1018 1859 1144 1894 Huwe
1172 1859 1218 1894 de
1247 1859 1439 1894 Erthtdel
1472 1860 1617 1896 Counte
1643 1861 1689 1896 de

295 1931 475 1978 Striuelyn
489 1944 500 1965 l
515 1932 610 1966 Rose
627 1931 673 1966 de
691 1931 855 1967 Chilh‘sm
880 1930 938 1966 del
965 1931 1110 1965 Counte
1135 1931 1181 1965 de
1205 1930 1447 1977 Rokesburgh
1462 1944 1474 1965 l
1488 1933 1508 1966 e
1537 1931 1688 1967 Gilberd

299 2002 344 2036 de
361 2002 700 2048 Hangindeschawe
729 2002 775 2036 de
802 2003 936 2037 mesine
961 2001 995 2037 le
1025 2001 1302 2037 Countezsaluz
1319 2022 1326 2030 -
1370 2001 1449 2036 Pur
1465 2013 1527 2036 ceo
1555 2004 1628 2049 [856.
1649 2008 1690 2037 ut

298 2073 440 2120 supra]
493 2073 642 2107 Donees
670 2075 745 2120 [εἷς.
764 2076 803 2108 ut
819 2073 963 2121 supra]

301 2206 402 2251 Item
452 2214 492 2248 A
521 2217 608 2248 touz
638 2224 742 2248 ceaus
770 2213 834 2260 qui
860 2212 966 2247 cestes
991 2212 1112 2247 lettres
1129 2215 1276 2246 verront
1292 2223 1340 2247 ou
1358 2216 1481 2247 orront
1498 2224 1511 2247 t
1530 2212 1690 2248 Duncan

300 2284 489 2332 Brecnagh
500 2298 512 2319 l
528 2285 548 2319 ό
565 2284 726 2320 Richard
742 2284 788 2319 de
807 2283 985 2332 Kynnard
999 2297 1011 2319 l
1026 2282 1085 2318 del
1111 2283 1255 2319 Counte
1281 2283 1326 2318 de
1351 2283 1453 2330 Fyf1
1465 2283 1559 2320 saluz
1575 2305 1583 2314 ·
1611 2285 1690 2321 Pur
