1881 2723
877 187 943 221 161

219 283 317 326 Item
333 310 340 318 -
393 291 432 324 A
458 294 543 324 touz
569 301 673 324 ceaus
699 290 763 336 qui
790 289 898 324 costes
923 289 1045 324 lettres
1071 294 1191 324 verr6t
1218 302 1263 324 ou
1292 295 1415 325 orront
1434 304 1446 325 J
1465 292 1602 327 Michel

215 361 260 395 de
287 359 667 394 MohauttChiualier
684 372 691 393 l
708 360 826 405 Ewyn
852 359 898 393 fiz
928 359 1086 393 Duncan
1108 372 1114 393 l
1134 359 1302 394 William
1329 361 1374 394 de
1402 361 1576 407 Mongale
1593 376 1603 395 t

215 431 334 465 Johan
354 430 504 464 Manuel
519 442 526 464 l
541 430 696 475 Anegoz
715 429 761 463 de
778 429 973 475 Aghenros
989 442 1000 462 s
1016 430 1155 463 Rober?
1173 430 1217 463 (10
1236 430 1439 477 Redebogh
1456 444 1467 465 s
1482 431 1507 466 J
1510 431 1603 466 ohan

214 501 258 535 (16
278 501 446 536 Luuecot
460 514 470 534 s
486 500 624 534 Robeff
649 500 695 534 fiz
723 500 828 534 Rauf
848 501 994 545 persone
1019 500 1077 534 dcl
1095 501 1217 546 Eglise
1236 501 1280 534 de
1300 502 1404 536 Seint
1424 502 1603 537 Cuthberf

214 572 258 605 de
282 570 510 616 Ewytesdale
531 583 538 604 l
561 570 666 604 Nicol
693 571 738 604 de
769 570 884 616 Camp
902 583 912 603 s
928 571 1058 604 vic-aire
1083 570 1141 604 del
1169 571 1291 617 Eglise
1316 572 1361 605 de
1386 572 1601 607 Grenlawet

214 641 333 675 Johan
351 641 396 675 de
415 641 605 675 Coneueth
623 654 633 672 Ι
649 642 794 687 persone
820 640 878 674 del
897 641 1018 687 Eglise
1044 641 1089 675 de
1108 641 1306 676 Alnecrom
1321 655 1332 676 t
1349 643 1389 677 M
1395 643 1482 677 estre
1500 644 1604 678 Wal-

214 723 289 746 ram
316 712 463 758 persone
491 711 547 745 del
574 711 697 757 Eglise
724 711 769 745 de
797 711 952 745 Yeth‘sm
971 724 982 745 l
997 712 1137 746 Rober?
1164 713 1209 746 de
1240 713 1348 747 Dene
1374 715 1520 759 persone
1545 714 1602 748 del

215 782 337 829 Eglise
354 782 399 816 de
417 781 563 816 Wiltofi
581 794 588 816 l
606 782 731 816 Huwe
744 782 844 827 Urry
859 794 866 816 ι
882 782 1041 816 Thomas
1057 783 1314 830 Dabergaldyn
1333 797 1344 818 s
1357 784 1543 830 Reynaud
1560 784 1605 819 de

215 853 390 888 Crausord
407 865 417 886 l
436 853 461 887 J
463 852 555 886 ohan
587 852 633 886 fiz
662 853 688 886 J
690 852 784 886 ohan
815 852 861 886 de
894 852 1102 899 Langemor
1121 866 1132 887 l
1152 853 1209 887 del
1239 854 1385 889 Counte
1416 855 1462 889 de
1493 856 1572 890 Are
1593 869 1603 889 s

214 924 336 958 Pieres
370 923 416 957 de
455 922 647 957 Mounforf
666 935 678 956 s
706 923 835 969 Henry
871 922 1059 969 Galightly
1093 923 1138 957 de
1173 924 1348 958 Aberdefi
1369 938 1380 959 l
1407 926 1431 959 J
1434 925 1526 959 ohan
1561 927 1607 960 de

214 994 347 1040 Greyly
365 1006 372 1027 ι
388 993 571 1028 Chiualier
584 1006 595 1027 s
611 993 782 1028 VVautier
793 993 900 1040 Byset
917 1006 927 1027 s
942 993 1158 1028 Maueolum
1173 994 1218 1028 de
1232 994 1372 1029 Oueree
1387 996 1444 1030 del
1460 997 1605 1031 Counte

212 1064 435 1098 deAberdefi
444 1064 625 1098 sWilliam
638 1064 683 1098 de
692 1064 996 1111 Knokyntynnofi
1007 1064 1191 1098 [William
1205 1065 1250 1099 fiz
1260 1066 1417 1101 Steuene
1429 1067 1602 1102 deArdet

215 1135 273 1169 del
291 1135 436 1169 Counte
457 1135 502 1169 de
524 1135 728 1169 Inuerneffe
746 1148 753 1169 l
771 1136 900 1181 Henry
918 1135 963 1169 de
981 1135 1131 1169 Prestofi
1150 1149 1157 1170 l
1175 1136 1316 1172 Gilbcr?
1342 1137 1375 1171 16
1402 1139 1576 1186 Messager
1593 1153 1604 1173 l

218 1206 353 1240 Miehel
367 1206 400 1240 le
415 1205 592 1252 Messhger
606 1219 613 1240 l
629 1206 789 1240 Edward
804 1206 934 1240 vieaire
946 1206 1003 1240 del
1015 1206 1137 1252 Eglise
1148 1207 1193 1241 de
1207 1207 1390 1242 VVeddale
1404 1210 1545 1244 [Pieres
1560 1210 1605 1245 de

213 1276 367 1311 Grah‘m
376 1290 382 1310 ι
392 1276 552 1311 Riehard
567 1277 711 1323 persone
722 1276 781 1310 del
794 1277 915 1322 Eglise
927 1276 971 1310 de
984 1277 1149 1311 Rattheu
1159 1290 1169 1310 s
1178 1277 1236 1311 del
1249 1278 1394 1312 Counte
1405 1279 1450 1313 de
1463 1280 1604 1315 Edene-

215 1348 333 1394 burgh
351 1361 361 1382 s
377 1348 535 1383 Thomas
553 1348 598 1382 de
619 1348 794 1382 Blanerne
808 1360 818 1381 t
831 1348 954 1394 Alessvn
980 1348 1013 1381 16
1031 1348 1149 1382 Ferur
1166 1348 1211 1382 de
1229 1349 1392 1383 Kellawe
1410 1362 1417 1384 l
1436 1350 1602 1385 William

216 1418 473 1465 Wythirhirde
489 1432 499 1452 s
515 1419 539 1453 J
542 1419 635 1452 ohan
660 1419 694 1453 le
713 1419 859 1465 Greyue
871 1431 883 1452 s
898 1418 1006 1452 Nicol
1031 1418 1076 1452 de
1103 1419 1449 1455 Liehehardeswode
1476 1421 1604 1468 chape-

214 1490 285 1524 lein
301 1506 310 1522 s
324 1490 480 1536 gardeyn
500 1489 558 1523 del
577 1489 747 1535 Hospital
773 1489 818 1523 de
844 1488 1143 1524 Lichardeswode
1160 1503 1171 1524 s
1184 1490 1242 1524 del
1261 1490 1405 1525 Counte
1430 1492 1475 1527 de
1498 1493 1603 1527 Bere-

214 1560 297 1607 wyk
317 1573 324 1595 l
345 1561 547 1607 Alewynus
575 1561 622 1595 de
653 1560 829 1607 Kalentyr
845 1573 856 1594 l
874 1560 932 1595 del
960 1561 1106 1595 Counte
1135 1561 1180 1595 de
1211 1562 1391 1609 Striuelyn
1409 1576 1420 1596 l
1437 1563 1604 1598 William

214 1632 316 1666 Brun
346 1632 391 1666 de
422 1632 664 1667 Gamellheles
683 1644 690 1666 l
708 1632 926 1666 Alisaundre
955 1632 1001 1666 fiz
1029 1632 1195 1666 william
1223 1633 1396 1667 Estreuifl
1411 1647 1422 1668 s
1436 1634 1603 1669 William

216 1703 345 1737 vicaire
370 1703 428 1737 del
447 1703 568 1749 Eglise
597 1703 641 1737 de
665 1703 893 1750 Dunmanyn
909 1715 920 1736 s
933 1703 1041 1737 Nieol
1055 1704 1185 1738 vicaire
1203 1704 1261 1738 del
1281 1704 1404 1751 Eglise
1421 1706 1466 1740 de
1485 1706 1603 1741 Leffe-

212 1773 312 1806 wade
332 1786 343 1806 l
364 1773 500 1807 Michel
530 1773 574 1806 de
606 1773 840 1820 Enderkelyn
860 1786 871 1807 1
892 1774 1072 1821 Margerie
1105 1774 1150 1808 de
1181 1775 1336 1809 Sideserf
1352 1789 1363 1809 l
1384 1769 1526 1823 1116Υὲ16
1556 1778 1601 1811 (16

214 1843 473 1877 Richardestofi
495 1856 505 1876 s
527 1844 666 1877 Robert
700 1844 746 1878 de
776 1844 931 1878 Faudofi
952 1857 963 1878 s
982 1844 1040 1878 del
1072 1845 1218 1879 Counte
1248 1845 1293 1879 de
1323 1846 1572 1894 Edeneburgh
1587 1861 1600 1882 l

214 1914 371 1948 Andreu
391 1914 435 1947 de
453 1915 528 1949 Rat
543 1927 554 1947 t
567 1914 739 1949 chiualier
757 1914 815 1949 del
834 1915 979 1949 Counte
997 1915 1042 1949 de
1061 1915 1239 1949 Inuernar
1254 1928 1261 1950 l
1280 1916 1493 1952 Maucolum
1511 1919 1604 1953 frere

213 1985 430 2019 Alisaundre
448 1985 493 2018 de
508 1985 641 2031 Ergayl
656 1997 663 2019 t
681 1985 837 2020 Andreu
856 1985 901 2019 de
913 1986 1108 2033 Raffieseye
1122 1999 1133 2019 t
1147 1986 1205 2020 del
1223 1987 1368 2022 Counte
1385 1988 1430 2022 de
1441 1989 1576 2037 Ergayl
1589 2003 1600 2024 t

215 2057 370 2090 Steuene
396 2056 429 2090 le
456 2056 573 2090 Riche
589 2069 596 2090 l
613 2056 733 2091 Johan
760 2057 805 2091 de
831 2057 1042 2103 Kynemore
1067 2057 1126 2092 del
1152 2058 1297 2093 Counte
1322 2059 1367 2093 de
1392 2060 1573 2108 Striuelyn
1590 2075 1601 2095 s

212 2127 370 2161 Thomas
388 2128 433 2161 de
451 2127 654 2161 Balnehard
670 2144 679 2160 s
696 2127 754 2162 del
773 2128 916 2163 Counte
941 2128 986 2162 de
1005 2128 1166 2163 Linliscu
1184 2142 1194 2163 s
1209 2130 1338 2164 Dauid
1356 2130 1526 2166 Muschet
1544 2132 1599 2167 del

213 2198 357 2232 Counte
370 2199 415 2232 de
427 2199 577 2245 Anegos
591 2212 602 2233 l
617 2198 753 2234 Roberf
767 2199 812 2234 de
824 2200 1077 2246 Rauenesgraf
1085 2213 1096 2234 s
1109 2200 1270 2235 Thomas
1285 2201 1330 2235 de
1341 2202 1373 2236 F
1378 2203 1576 2249 ougheltoffi
1592 2216 1599 2238 s

213 2269 237 2302 J
239 2268 331 2302 ohan
345 2269 378 2303 le
393 2269 589 2304 Maresehal
604 2283 614 2305 l
630 2270 688 2305 (161
703 2271 848 2306 Counte
862 2271 907 2304 de
920 2271 1068 2306 Lanark
1085 2285 1096 2306 s
1109 2272 1140 2307 T
1144 2272 1372 2308 hurbrandus
1386 2273 1430 2308 de
1446 2275 1575 2321 Logan
1590 2288 1600 2308 t

930 2353 958 2375 X
