1881 2723
91 1143 136 1171 M.
150 1144 199 1172 30.

900 185 968 220 159

236 290 281 325 (16
298 289 467 324 menbret
483 290 502 322 ό
520 288 565 322 (16
582 274 678 322 Prien
703 287 843 321 honeur
858 299 869 320 t
885 291 1009 321 contre
1026 290 1120 320 totes
1145 289 1254 331 gentz
1272 286 1336 331 qui
1361 290 1512 331 puri-ont
1531 286 1633 320 viure

234 372 283 394 ou
308 359 476 393 moritu}
487 358 643 404 jammes
666 369 736 404 pur
765 356 854 403 nuly
880 368 994 391 armes
1022 367 1068 389 ne
1097 355 1252 402 porterai
1273 368 1281 389 l
1302 367 1373 389 nen
1405 356 1533 389 eonseil
1563 368 1633 390 nen

236 429 316 464 eide
341 441 388 463 ne
412 429 515 463 serrai
545 432 669 463 contre
701 427 821 475 lytne
851 431 974 461 contre
1008 427 1057 460 ses
1085 426 1179 460 heirs
1203 437 1272 460 ten
1301 426 1367 460 nul
1394 438 1450 460 cas
1480 438 1525 472 qe
1551 433 1634 472 poet

234 501 359 536 auenir
375 521 383 529 ·
434 500 468 534 E
499 499 684 534 leaument
710 498 926 533 reconustrai
948 510 955 532 l
976 499 996 532 (Ξ
1030 497 1216 532 leaument
1240 497 1305 531 frai
1330 497 1379 531 les
1408 498 1557 532 seruices
1592 511 1636 544 qe

233 574 444 618 apartenent
461 582 498 604 as
516 574 727 604 tenementz
749 582 761 604 l
781 581 828 616 qe
839 569 901 615 jeo
919 569 1025 603 cleim
1050 569 1146 602 tenir
1172 568 1217 602 de
1233 568 1269 615 ly
1282 582 1293 602 t
1309 570 1332 601 fi
1352 568 1453 603 Dieu
1471 581 1530 603 me
1557 569 1636 603 eide

233 644 253 676 ό
277 642 328 677 les
357 642 479 677 Seintz
497 660 505 669 ·
549 642 611 676 En
637 641 907 687 tesmoignance
933 640 995 674 des
1013 652 1129 686 queus
1156 639 1274 674 choses
1300 651 1394 674 nous
1419 652 1545 674 auoms
1570 640 1636 674 fait

233 713 318 748 faire
335 713 442 748 eestes
456 713 578 748 lettres
596 717 738 747 ouertes
752 712 880 747 sealee‘s
895 712 940 746 de
953 724 1017 746 nos
1035 713 1134 746 seaus
1146 732 1154 740 ·
1183 712 1333 747 Donees
1353 713 1427 758 [age.
1442 715 1481 746 ut
1492 712 1634 758 supra]

237 845 338 890 Item
351 874 359 882 ·
402 855 442 889 A
474 858 562 889 touz
582 865 686 888 eeaus
704 854 769 900 qui
787 854 895 889 cestes
912 853 1034 888 lettres
1052 859 1199 888 verront
1228 866 1277 888 ou
1307 858 1430 888 orront
1449 866 1460 888 l
1475 854 1636 889 Richard

237 925 282 959 de
299 925 457 972 Boyuile
485 925 544 960 del
562 925 708 960 Counte
737 926 782 960 de
812 925 1090 960 A1·e1Willia1n
1120 925 1165 959 de
1193 925 1546 972 Kingorfitpersone
1575 925 1633 960 del

234 996 358 1044 Eglise
391 997 437 1032 de
471 997 661 1045 Kiltfflverne
679 1011 691 1032 l
710 997 769 1031 del
800 998 945 1032 Counte
970 997 1016 1031 de
1042 997 1234 1031 lnthernes
1255 997 1399 1032 1J011an
1434 997 1480 1031 de
1505 997 1603 1031 Araz
1623 1010 1633 1030 s

237 1068 366 1103 Patrik
393 1069 439 1103 de
469 1068 661 1104 Bardonan
682 1082 693 1103 l
710 1069 850 1114 Moriqe
881 1069 1064 1116 Maesalny
1081 1082 1093 1103 l
1113 1068 1171 1102 del
1198 1069 1344 1104 Counte
1371 1069 1416 1103 de
1445 1068 1633 1103 Dunfresz

237 1140 394 1175 Andreu
423 1140 483 1174 del
513 1141 589 1175 Ker
606 1153 617 1174 l
633 1140 692 1175 (161
717 1142 860 1175 Counte
885 1141 930 1174 de
957 1140 1129 1174 Striuelin
1142 1156 1152 1173 s
1170 1140 1358 1185 Laurenqe
1387 1140 1432 1174 de
1451 1140 1607 1174 Wedale
1621 1153 1632 1173 s

237 1211 344 1246 Nicol
361 1211 395 1246 le
413 1211 610 1258 Chapelain
627 1212 776 1258 gardein
795 1212 841 1246 de
857 1211 891 1246 la
908 1213 1029 1246 meson
1049 1212 1149 1247 Dieu
1166 1212 1211 1246 de
1228 1211 1470 1258 Rokesburgh
1485 1223 1493 1246 l
1507 1211 1632 1246 Adam

236 1282 281 1316 de
300 1282 468 1325 Sostlawe
486 1282 544 1318 del
562 1283 708 1317 Counte
725 1283 771 1316 de
788 1282 1006 1330 Rokesburg
1020 1295 1031 1316 s
1044 1282 1197 1330 Aylmer
1222 1282 1268 1317 de
1295 1282 1462 1317 Sostlawe
1486 1283 1633 1329 persone

235 1353 291 1388 del
317 1353 440 1399 Eglise
469 1353 514 1388 de
532 1353 879 1400 DouglassRobert
904 1353 950 1387 de
975 1353 1213 1388 Jeddeworth
1229 1355 1399 1400 [persone
1425 1353 1484 1387 del
1511 1353 1633 1399 Eglise

234 1423 279 1458 de
296 1424 511 1470 Kermighel
527 1437 538 1458 t
552 1424 611 1458 del
625 1424 771 1459 Counte
789 1424 834 1458 de
852 1423 1000 1459 Lanark
1012 1436 1023 1458 l
1037 1424 1212 1471 Gregoire
1229 1424 1274 1458 de
1292 1424 1463 1459 Maleuifl
1478 1437 1489 1458 l
1504 1424 1631 1471 Hem-y

234 1495 279 1529 de
314 1495 708 1543 SmythetofilRoberi
738 1496 784 1530 de
814 1495 1045 1542 W'alughtofi
1062 1496 1235 1542 [persone
1263 1496 1308 1530 de
1336 1495 1371 1531 la
1398 1495 1557 1542 Chapele
1586 1496 1631 1529 de

236 1566 469 1613 Walughtofi
483 1579 491 1602 l
505 1566 564 1601 (161
582 1567 728 1602 Counte
745 1567 790 1601 de
808 1567 1057 1613 Edeneburgh
1074 1583 1084 1600 ι
1101 1567 1308 1614 Margarete
1325 1579 1371 1614 qe
1389 1567 1429 1602 fu
1447 1566 1481 1602 la
1497 1567 1634 1602 femme

235 1638 357 1673 Pieres
391 1639 437 1673 de
472 1638 705 1686 Lundysdel
741 1639 887 1674 Counte
917 1639 962 1673 (16
992 1638 1070 1686 Fyf
1080 1652 1092 1673 l
1110 1639 1216 1674 Nicol
1250 1639 1295 1673 de
1322 1638 1561 1686 Pynkertofis
1577 1639 1633 1673 del

237 1710 382 1744 Counte
399 1709 445 1744 de
462 1709 683 1757 Hadingtofi
701 1723 709 1745 l
724 1711 749 1745 J
752 1709 846 1744 ohan
871 1710 917 1744 de
946 1710 1097 1756 Haytofi
1114 1722 1121 1745 t
1136 1709 1194 1744 del
1213 1710 1359 1745 Counte
1381 1710 1426 1744 de
1445 1710 1608 1745 Dunfres
1621 1724 1632 1744 l

237 1781 397 1816 Thomas
422 1781 467 1815 de
485 1781 706 1815 Hinkerstass
723 1794 734 1815 l
748 1781 774 1816 J
776 1781 869 1815 ohan
887 1781 1108 1827 Prendegest
1124 1793 1135 1815 t
1150 1781 1317 1816 William
1335 1781 1381 1815 de
1402 1770 1463 1817 OG
1484 1782 1606 1828 Eytofi
1621 1795 1632 1815 l

237 1851 346 1886 Rauf
359 1851 394 1886 le
410 1852 588 1898 Mefl'ager
602 1864 613 1886 s
629 1851 750 1898 Aleyn
768 1852 813 1886 de
831 1852 1026 1898 Langetoii
1044 1865 1055 1886 l
1069 1852 1209 1887 Roberi
1234 1852 1279 1887 de
1300 1852 1458 1886 Dunbar
1472 1865 1485 1886 l
1500 1852 1635 1888 Steuen

238 1923 314 1969 Eyr
343 1922 390 1957 de
407 1923 556 1969 Eytofis
571 1923 667 1957 Jone
694 1934 740 1969 qe
766 1922 807 1957 fu
834 1922 868 1956 la
894 1922 1029 1957 femme
1058 1922 1233 1958 Randulf
1246 1923 1420 1971 WVyscard
1438 1936 1445 1958 l
1460 1925 1480 1958 6
1498 1923 1635 1959 Βοῦ6ῑῐ

237 1993 283 2028 (16
303 1993 489 2028 Ηοι16ᾶ6ῖί
505 2006 517 2028 l
531 1993 590 2028 del
609 1994 754 2029 Counte
772 1994 818 2028 de
834 1993 1013 2040 Berewyk
1029 1993 1125 2028 saluz
1138 2014 1146 2022 ·
1174 1993 1253 2028 Pur
1270 2005 1332 2029 ceo
1349 2006 1395 2041 qe
1411 2006 1504 2029 nous
1520 1995 1636 2029 sumes

236 2075 357 2099 venuz
375 2065 394 2099 zi
411 2064 446 2099 la
476 2064 527 2099 foi
554 2066 574 2099 e
599 2066 619 2100 ᾗ,
644 2065 679 2099 la
703 2064 856 2100 volunte
889 2064 940 2099 du
974 2064 1150 2099 tresnoble
1178 2066 1335 2100 Princes
1350 2067 1370 2100 e
1398 2066 1516 2101 nostre
1542 2067 1638 2102 chier

240 2135 416 2182 Seigneur
437 2136 514 2171 Sire
534 2136 697 2171 Edward
723 2148 787 2183 par
803 2135 837 2170 la
862 2147 967 2183 grace
994 2136 1096 2171 Dieu
1125 2136 1199 2171 Roi
1218 2123 1423 2184 DenglePre
1438 2150 1450 2171 s
1464 2137 1639 2185 Seigneur

240 2206 397 2241 Dirland
422 2209 442 2241 6
465 2207 570 2242 Ducs
600 2207 853 2254 Daquitaigne
872 2220 883 2242 t
902 2219 994 2242 nous
1018 2211 1258 2254 promettoms
1289 2220 1359 2254 pur
1388 2220 1480 2243 nous
1515 2210 1535 2242 e
1569 2220 1639 2254 pur

240 2288 306 2312 nos
330 2275 424 2312 heirs
448 2278 507 2313 sur
529 2278 636 2325 peine
663 2278 708 2313 de
735 2289 812 2313 cors
836 2279 856 2313 6
875 2277 1002 2313 dauoir
1018 2291 1029 2313 s
1044 2279 1063 2314 έ
1088 2279 1146 2313 sur
1170 2279 1253 2325 q‘nt
1279 2291 1324 2325 qe
1348 2290 1439 2314 nous
1464 2278 1639 2326 peuss'oms
