1881 2723
937 169 1006 202 127

273 281 319 304 en
337 270 445 304 cestes
462 269 599 314 paroles
616 289 623 297 ·
649 269 677 304 J
678 280 720 303 eo
738 269 885 303 deuenk
904 269 1018 303 vostre
1036 269 1144 303 home
1165 269 1237 315 lige
1255 270 1301 304 (19
1317 271 1375 304 vie
1393 274 1412 305 9
1430 272 1474 306 (19
1491 274 1637 307 1119111119
1651 288 1662 306 s

272 342 293 374 9
310 340 357 374 (19
372 327 468 374 Prien
485 340 605 374 honur
618 353 629 373 s
644 344 767 374 contre
796 344 888 374 totes
919 344 1031 386 gentz
1050 340 1115 386 qui
1141 345 1297 386 purront
1327 342 1430 375 viure
1455 344 1474 375 ό
1502 345 1612 377 morir
1630 345 1662 378 Ε

271 412 421 446 mesmes
450 410 552 456 celuy
581 410 698 445 nostre
717 411 894 457 Seigneur
912 410 945 445 le
963 411 1039 446 Roi
1053 410 1112 445 tle
1137 411 1183 445 ad
1209 423 1314 446 receu
1342 423 1386 446 en
1410 413 1500 447 ceste
1517 413 1631 447 forme
1653 436 1658 440 -

270 482 374 518 Nous
391 482 425 517 19
440 493 624 516 receuoms
641 482 703 516 des
719 469 793 517 pres
804 482 921 516 dount
935 493 1026 516 vous
1040 482 1128 517 estes
1145 493 1206 517 ore
1223 483 1307 530 seisy
1323 500 1332 516 ι
1350 483 1470 518 Sauue
1488 486 1551 519 nfe
1569 485 1663 520 dreit

269 555 290 587 9
307 553 401 588 autri
413 565 426 587 l
438 554 458 587 9
475 553 547 588 fors
564 554 637 600 pris
655 553 704 588 les
725 540 797 588 {tes
824 553 874 588 les
891 553 1016 600 queles
1033 554 1059 589 J
1061 553 1154 588 ohan
1182 554 1227 588 de
1257 554 1389 589 Baillol
1416 556 1481 601 qui
1510 556 1568 591 fut
1586 556 1661 592 Roi

268 624 427 659 Descoce
442 637 454 659 l
468 636 560 659 vous
592 625 687 660 dona
719 627 811 672 puys
832 637 878 672 qe
911 636 1004 660 nous
1037 624 1063 659 li
1093 636 1217 660 eumes
1250 625 1388 660 renduz
1414 625 1448 660 le
1478 627 1660 662 Roiaume

268 696 428 731 Descoce
441 717 451 727 ·
477 696 512 731 E
530 696 600 731 fors
616 697 689 743 pris
706 696 796 731 celes
814 697 932 731 aufint
946 709 958 730 l
975 696 1025 731 les
1053 696 1177 743 queles
1194 708 1287 731 nous
1306 708 1430 732 eumes
1447 697 1531 744 seisy
1548 704 1659 732 auant

266 779 330 803 ceo
346 780 392 815 qe
409 779 499 803 vous
516 767 624 802 fuffez
642 779 761 802 venuz
780 769 799 802 zi
817 771 881 803 11ῗ9
898 770 984 814 [1993
1000 788 1008 796 -
1036 768 1140 802 Estre
1158 779 1221 803 ceo
1244 779 1337 803 nous
1363 772 1450 803 touz
1468 770 1488 803 9
1506 769 1657 804 chescun

267 840 313 873 de
328 850 420 873 nous
437 850 501 885 par
516 839 575 886 foy
592 850 719 873 auoms
736 839 801 873 fait
817 839 940 873 feaute
957 852 978 873 a
995 842 1059 873 nse
1078 839 1254 886 Seigneur
1270 839 1304 874 le
1321 840 1397 874 Roi
1422 841 1589 875 auantdit
1615 853 1658 875 en

266 909 374 944 cestes
390 909 527 956 paroles
540 930 548 939 -
574 910 644 945 Jeo
668 910 772 944 serrai
797 909 866 945 feal
884 912 904 945 9
923 910 1016 944 leals
1028 912 1048 945 9
1065 910 1115 945 foi
1143 912 1163 945 9
1192 910 1312 946 leaute
1338 912 1494 957 portel-ai
1521 924 1568 946 au
1586 912 1658 947 Roi

265 980 426 1015 Edward
443 981 517 1016 Roi
535 969 740 1028 Dengle⁴t³re
756 993 766 1015 Ι
782 983 801 1015 9
833 993 853 1015 3
881 982 932 1016 ses
960 981 1054 1016 heirs
1069 994 1081 1016 l
1096 982 1141 1016 de
1169 982 1228 1017 vie
1255 984 1275 1016 9
1305 982 1351 1016 (19
1378 982 1527 1016 1119111119
1542 996 1553 1017 s
1569 985 1588 1017 9
1612 983 1657 1017 (19

263 1038 360 1086 Prien
377 1051 516 1087 honeur
533 1057 656 1087 contre
673 1057 770 1087 totez
788 1057 898 1099 gentz
917 1054 982 1099 qui
1007 1058 1160 1099 purront
1178 1054 1282 1088 viure
1306 1066 1354 1088 ou
1381 1054 1491 1088 morir
1506 1067 1517 1088 l
1532 1056 1552 1088 9
1564 1055 1657 1100 jam-

265 1134 340 1158 mes
358 1135 428 1169 pur
443 1123 533 1170 1111Ιῄ1
548 1135 662 1158 armes
680 1135 726 1157 ne
743 1124 899 1170 porterai
913 1137 924 1158 l
937 1135 1008 1158 nen
1022 1124 1151 1159 conseil
1165 1136 1235 1159 nen
1255 1125 1334 1159 eide
1351 1137 1397 1159 ne
1414 1126 1517 1159 serrai
1534 1131 1657 1160 contre

264 1194 289 1228 li
305 1207 316 1228 t
330 1206 376 1229 ne
393 1199 517 1229 contre
533 1196 583 1229 ses
601 1194 694 1229 heirs
708 1207 719 1229 s
732 1207 775 1229 911
805 1195 872 1230 11111
900 1207 956 1229 cas
974 1208 1046 1242 que
1077 1201 1164 1242 poet
1191 1197 1316 1231 auenir
1332 1209 1343 1230 s
1357 1198 1376 1230 9
1402 1197 1587 1231 leaument
1604 1209 1656 1232 re-

262 1266 452 1312 conustrey
465 1278 477 1300 l
491 1268 511 1300 9
528 1265 714 1300 leaument
744 1265 811 1300 froi
841 1265 891 1302 les
916 1267 1065 1301 seruices
1082 1279 1129 1313 qe
1153 1271 1365 1313 apartenent
1390 1279 1427 1301 as
1447 1272 1654 1302 tenementz

262 1348 308 1383 qe
319 1337 380 1382 jeo
397 1336 511 1383 cleym
529 1338 624 1372 tenir
640 1337 686 1371 de
702 1337 738 1384 ly
755 1350 762 1372 t
778 1337 803 1371 fi
823 1337 924 1371 Dieu
943 1349 1003 1372 me
1019 1337 1099 1372 eide
1116 1349 1136 1372 e
1152 1337 1202 1372 les
1218 1338 1340 1372 Seintz
1355 1358 1362 1365 ·
1389 1338 1451 1372 En
1466 1339 1657 1385 tesmoign-

261 1418 348 1442 31199
365 1407 427 1441 des
452 1419 568 1454 queus
586 1407 836 1443 chosestnous
866 1420 994 1442 auoms
1023 1408 1088 1443 fait
1114 1407 1201 1443 faire
1227 1409 1334 1443 cestes
1360 1409 1483 1444 lettres
1514 1416 1654 1445 ouertes

261 1478 390 1513 sealees
408 1478 453 1513 de
470 1490 535 1513 nos
551 1479 650 1514 seaus
664 1499 672 1507 ·
725 1479 875 1514 Donees
905 1483 980 1527 [ᾃε.
999 1483 1039 1515 ut
1056 1480 1200 1527 supra]

263 1611 385 1656 Item·
435 1621 475 1656 A
501 1626 587 1656 touz
614 1633 718 1656 ceaus
744 1623 810 1669 qui
838 1622 947 1656 cestes
972 1622 1096 1657 lettres
1126 1628 1273 1657 verront
1291 1635 1339 1657 ou
1365 1629 1488 1658 orront
1503 1638 1514 1658 s
1530 1624 1654 1658 Adam

258 1691 304 1725 de
332 1691 417 1738 He?
433 1704 445 1726 l
459 1692 580 1727 Johan
607 1692 653 1727 de
683 1693 836 1728 Harden
858 1706 866 1728 Ι
888 1693 1050 1728 Riehard
1080 1694 1126 1728 (19
1155 1694 1366 1729 Chesehelffi
1380 1708 1392 1728 l
1409 1695 1579 1730 Wautier
1610 1696 1654 1730 de

260 1763 462 1809 Burghdo'fi
476 1776 487 1796 t
499 1764 639 1798 Roberf
663 1764 810 1798 Grundi
837 1764 882 1798 de
911 1764 1070 1799 Neictofi
1085 1778 1096 1799 s
1113 1765 1254 1800 Roberf
1271 1765 1439 1812 Walugh
1466 1766 1511 1800 de
1537 1767 1624 1812 Hes)
1643 1781 1652 1799 ι

261 1832 420 1867 Thomas
433 1833 478 1867 de
488 1833 830 1869 RouletWilliame
845 1835 890 1869 de
908 1835 1148 1881 Farningdofi
1163 1835 1320 1882 fRogier
1334 1836 1379 1870 de
1392 1836 1629 1883 Midelburgh
1645 1852 1655 1870 s

258 1906 378 1941 Johan
396 1907 602 1955 Fraunceys
631 1908 677 1943 de
697 1909 967 1955 Longaneutofi
984 1921 996 1942 l
1011 1909 1196 1956 Reynaud
1222 1910 1267 1944 de
1287 1909 1514 1946 Dolfinestofi
1529 1925 1541 1946 l
1562 1912 1655 1946 xvi}-

258 1977 344 2012 liam
361 1978 407 2013 de
424 1978 594 2014 Rucastel
606 1993 618 2014 l
633 1979 656 2015 J
661 1980 754 2015 ohan
772 1980 806 2015 19
822 1981 868 2015 fiz
903 1981 1024 2016 Johan
1043 1982 1089 2016 de
1107 1982 1287 2029 Anesseye
1306 1995 1313 2017 l
1333 1983 1357 2017 J
1360 1982 1453 2017 ohan
1471 1982 1504 2017 19
1523 1983 1655 2018 Mares-

259 2049 338 2084 chal
351 2063 362 2084 t
374 2050 516 2097 Aymer
532 2051 578 2086 de
594 2051 817 2087 Rotherford
831 2065 839 2087 l
854 2052 993 2088 Rober?
1011 2052 1056 2088 de
1073 2052 1107 2087 13
1125 2053 1301 2100 Graunge
1317 2070 1326 2087 l
1341 2053 1463 2101 Aleyn
1483 2054 1653 2101 Gurneyt

260 2120 416 2168 Phelipsa
435 2122 590 2157 Stiward
606 2135 618 2156 l
630 2123 756 2157 Adam
773 2123 819 2158 de
837 2123 1007 2158 Chathou
1021 2137 1033 2158 t
1053 2123 1161 2159 Nicol
1187 2124 1306 2172 Fausy
1322 2138 1333 2159 s
1347 2125 1515 2160 William
1543 2126 1626 2161 Scot
1643 2140 1653 2160 l

261 2193 378 2228 Marie
395 2193 441 2229 de
459 2194 596 2241 syntofi
612 2194 797 2230 JWilliam
811 2195 856 2230 de
869 2195 1038 2231 Chartres
1053 2209 1065 2231 l
1079 2196 1242 2231 Richard
1255 2196 1289 2232 le
1301 2197 1496 2232 Fourbour
1513 2211 1521 2232 l
1535 2198 1558 2232 J
1562 2197 1654 2231 ohan

261 2263 306 2297 (19
336 2264 513 2300 Liuesclif
526 2279 538 2301 s
559 2266 725 2313 Symund
758 2267 804 2302 de
837 2267 989 2303 Holdeii
1011 2280 1019 2303 ι
1039 2268 1135 2314 va57
1169 2268 1215 2303 de
1249 2268 1404 2304 Denum
1426 2282 1436 2302 l
1455 2268 1575 2303 Johan
1609 2270 1655 2302 de
