1881 2723
890 197 958 229 128

233 298 446 334 Etherestofi
466 312 477 333 l
497 299 645 346 Ingram
664 299 709 334 de
727 299 852 335 Toftes
871 314 881 334 l
903 300 1070 335 William
1089 300 1134 336 de
1151 302 1344 349 Bradeleye
1364 315 1375 336 s
1395 302 1555 337 Riehard
1573 301 1619 336 (16

234 370 328 404 Flex
349 383 360 403 l
375 370 543 404 William
562 370 607 404 de
625 370 752 405 Toftes
773 383 780 405 l
802 371 930 418 Henry
947 371 981 406 16
1000 372 1207 420 Chapeleyn
1227 386 1238 407 l
1257 373 1282 407 J
1284 373 1377 407 ohan
1398 373 1443 407 de
1461 373 1586 408 Heton
1608 388 1618 405 l

233 441 351 475 Johan
370 441 415 475 de
434 441 670 488 Seounessegh
688 442 875 477 [William
893 443 938 477 de
948 443 1103 478 Yethffm
1118 460 1128 478 s
1145 444 1169 478 J
1172 444 1263 478 ohan
1283 444 1327 479 de
1340 444 1616 479 Malkarrestofis

234 512 287 545 W
291 512 404 545 autier
422 513 591 559 Merpym
607 513 798 547 sWautier
817 513 862 547 de
880 513 1040 549 Holcote
1055 514 1191 549 [Johan
1210 515 1243 549 16
1261 515 1458 550 Mareschal
1475 514 1614 549 JAdam

237 583 282 616 de
300 582 490 617 Rukelton
511 596 522 616 l
538 583 591 617 W
594 583 706 618 illiam
732 584 778 618 de
796 584 1033 618 Prendrelath
1056 597 1063 619 l
1084 585 1224 620 Gilberf
1242 586 1370 633 Mosyn
1391 598 1402 619 s
1421 585 1557 620 Gilberf
1573 585 1620 619 fiz

236 654 397 687 Beatriee
417 667 428 687 s
445 654 585 689 Roberf
602 654 646 688 de
663 654 852 688 Edenhffm
872 668 882 688 l
902 655 926 689 J
929 655 1022 689 ohan
1040 655 1074 689 16
1093 656 1277 690 Seneschal
1294 656 1339 690 de
1356 656 1381 690 J
1383 656 1591 690 eddeworth
1611 668 1618 690 l

235 724 353 758 ι1011311
373 725 503 758 Knout
522 740 531 757 ι
553 724 676 758 Α(13111
704 724 750 758 (16
766 724 962 770 Rykeldofi
983 737 993 758 s
1013 725 1232 759 Alisaundre
1251 726 1380 772 Seruys
1396 739 1407 759 l
1422 726 1559 760 Roberf
1577 726 1621 760 de

241 794 455 840 Huntelegh
477 807 484 828 t
506 794 674 828 William
701 794 745 827 de
763 794 1000 828 Prendrelath
1021 808 1032 829 s
1054 795 1226 829 VVautier
1242 795 1276 830 16
1295 795 1405 830 01611ξ
1421 796 1466 829 (16
1485 795 1622 830 Rokes-

235 865 354 911 burgh
375 877 382 899 t
402 864 526 898 Adam
553 863 587 897 13
612 864 757 909 persone
785 864 830 898 de
848 864 1018 899 Fouldofi
1041 878 1048 900 t
1069 865 1226 912 Phelipp
1245 866 1289 900 (16
1307 867 1443 901 Β11ᾶ6ῖ1
1463 879 1474 900 l
1494 867 1621 913 Henry

234 936 278 969 de
297 935 477 969 Hommes
497 946 508 968 s
528 934 668 968 Robert
686 934 730 968 de
748 934 875 969 Toftes
896 948 903 970 s
925 935 1049 970 Adam
1075 936 1108 970 16
1127 936 1289 971 Taillour
1313 937 1358 971 de
1376 937 1588 972 Ceffeworth
1610 950 1618 972 l

234 1006 425 1040 Freskums
444 1005 489 1039 (16
507 1005 713 1039 Laundeles
729 1018 737 1040 l
755 1006 892 1051 Rogier
906 1006 1040 1040 Corbet
1056 1019 1067 1040 s
1082 1008 1105 1040 J
1107 1007 1199 1041 ohan
1218 1007 1463 1054 Benoughtyn
1478 1024 1488 1041 s
1501 1008 1526 1042 J
1528 1008 1621 1042 ohan

236 1078 377 1124 Comyn
395 1077 440 1111 de
459 1076 703 1123 Skreesburgh
726 1088 733 1111 Ι
754 1076 922 1111 William
944 1077 989 1111 de
1006 1077 1171 1124 Fausy‘de
1190 1091 1202 1112 l
1221 1077 1358 1113 Rober?
1384 1079 1428 1112 de
1447 1079 1594 1125 Hfiwyk
1609 1092 1621 1113 l

237 1148 363 1182 Patrik
379 1149 423 1182 de
438 1148 690 1183 Blenkhansofi
705 1161 713 1183 l
728 1148 887 1182 Thomas
905 1149 950 1183 de
962 1149 987 1183 J
989 1148 1208 1183 ohanneston
1224 1161 1232 1183 l
1247 1149 1397 1183 Kirerist
1410 1149 1456 1183 fiz
1469 1149 1597 1184 Patrik
1612 1162 1620 1184 l

235 1219 393 1254 Thomas
423 1220 468 1254 de
487 1219 684 1254 Cokeburn
708 1232 715 1253 l
734 1219 903 1254 William
928 1220 1169 1254 Ostherebure
1190 1233 1198 1255 1¹
1218 1220 1356 1255 Robest
1375 1221 1420 1255 de
1438 1221 1591 1256 Maleuii
1610 1234 1621 1254 l

237 1293 255 1323 e'
291 1290 448 1324 Bernard
482 1290 527 1325 de
557 1290 718 1325 Haudefi
739 1303 749 1324 J
769 1290 828 1324 del
846 1290 990 1325 Counte
1020 1291 1064 1325 de
1094 1291 1336 1338 Rokesburgh
1357 1308 1366 1324 s
1387 1292 1543 1326 Andreu
1579 1292 1624 1326 de

236 1361 372 1395 Bettofi
393 1374 400 1395 t
420 1361 540 1395 Johan
566 1361 611 1395 de
638 1361 849 1395 Makeswell
871 1374 878 1395 t
901 1361 1026 1407 Syuan
1043 1361 1077 1395 le
1096 1362 1200 1396 Mare
1218 1375 1230 1396 l
1250 1363 1391 1409 Hughe
1415 1363 1461 1396 de
1490 1363 1623 1398 Foder-

236 1434 364 1478 ingeye
385 1444 392 1465 l
415 1431 628 1466 Maucolum
646 1431 691 1465 de
709 1432 829 1478 Rosky
849 1445 860 1465 t
880 1432 1093 1466 Maucolum
1112 1433 1158 1467 fiz
1178 1433 1391 1467 Maueolum
1410 1447 1421 1468 s
1441 1433 1560 1468 Johan
1579 1434 1623 1468 de

240 1503 369 1549 Lanyn
383 1515 393 1536 s
408 1501 601 1537 Gillemoie
620 1502 787 1549 Makilyn
801 1515 812 1536 s
824 1502 847 1537 J
851 1502 942 1536 ohan
961 1503 1007 1537 de
1025 1503 1225 1549 Kyntowar
1242 1517 1253 1537 s
1266 1504 1438 1538 VVautier
1456 1504 1501 1539 de
1519 1505 1625 1551 Kyn-

238 1574 377 1607 towhar
398 1586 405 1608 t
427 1573 641 1608 Maucolum
661 1573 705 1607 de
724 1573 889 1620 Kynbuk
910 1586 921 1607 s
941 1574 1069 1608 Patrik
1096 1574 1140 1608 de
1159 1574 1415 1621 Glendeghrad
1435 1589 1445 1609 s
1465 1576 1624 1610 Thomas

238 1645 283 1678 de
303 1644 494 1691 Kyngarth
516 1657 526 1677 l
548 1644 682 1678 Mestre
702 1644 856 1678 Matheu
875 1644 919 1678 de
938 1644 1092 1679 Mum-os
1110 1644 1207 1679 clerk
1229 1659 1235 1679 ι
1256 1646 1366 1680 ΥΙῖἱίιο
1383 1646 1428 1680 (16
1447 1647 1597 1681 Keluini
1613 1660 1620 1682 ι

241 1716 341 1749 Lorn
359 1716 404 1748 de
423 1715 662 1762 Ardebechey
683 1727 690 1749 s
712 1715 871 1749 Thomas
897 1715 1012 1749 'rutte
1037 1715 1082 1749 de
1109 1716 1315 1751 Stratherne
1335 1729 1346 1751 t
1367 1736 1375 1745 ·
1396 1737 1402 1744 ·
1426 1738 1433 1745 ·
1452 1718 1624 1752 Prioreffe

238 1786 283 1819 de
303 1786 424 1820 Seinte
445 1785 614 1820 Leonard
627 1785 736 1831 juxte
753 1785 786 1819 la
804 1785 876 1819 vile
901 1784 945 1819 de
965 1786 1088 1820 Seinte
1114 1787 1232 1820 Johan
1260 1787 1304 1821 de
1323 1787 1435 1821 Perth
1457 1801 1467 1821 s
1486 1789 1625 1834 Rogier

240 1857 285 1889 (16
306 1856 448 1902 Miggel
468 1869 479 1889 s
499 1855 640 1890 Gilberi
666 1855 711 1889 de
737 1855 890 1890 Thoruk
909 1869 920 1890 l
941 1856 1103 1903 Keschyn
1124 1856 1267 1891 Gilerist
1287 1870 1298 1891 l
1318 1857 1458 1905 Hughe
1483 1859 1528 1893 de
1546 1859 1625 1894 Bel-

243 1927 397 1972 menagh‘
418 1940 428 1960 s
450 1926 558 1960 Malis
600 1926 645 1961 de
688 1926 880 1961 Moliofard
899 1939 911 1961 l
931 1927 1014 1973 Ego
1055 1927 1100 1961 de
1143 1927 1355 1963 Strathhach
1376 1942 1383 1963 t
1403 1929 1540 1965 Roberf
1582 1931 1626 1964 de

243 1996 428 2032 Stratherffi
451 2010 457 2031 ι
481 1997 645 2043 Monagh
674 1998 719 2031 fiz
750 1997 875 2044 Alpyn
897 2011 907 2031 s
927 1998 1067 2032 Morice
1097 1998 1142 2032 de
1169 1999 1259 2044 Tiry
1279 2011 1287 2033 l
1309 1999 1433 2033 Conan
1459 2000 1504 2034 de
1522 2000 1625 2034 Bith-

239 2067 360 2102 weder
379 2080 390 2100 s
411 2067 615 2113 Margarete
641 2067 674 2101 16
706 2068 864 2114 Engleys
884 2081 895 2101 l
918 2068 1061 2102 Haldan
1091 2068 1135 2102 de
1165 2069 1330 2103 Emester
1349 2082 1357 2103 l
1380 2069 1545 2105 William
1580 2071 1624 2105 de

246 2138 388 2173 Morref
401 2137 446 2171 de
463 2137 674 2184 Tulybardy
695 2150 705 2171 t
725 2140 744 2171 6
762 2138 961 2172 Malcolum
979 2138 1024 2172 de
1044 2138 1227 2173 stratherfi
1246 2139 1355 2173 Clerk
1376 2152 1384 2174 l
1404 2139 1461 2174 del
1480 2141 1625 2176 Counte

242 2210 287 2243 de
306 2208 418 2243 Perth
436 2207 529 2242 saluz
544 2228 551 2236 ·
580 2208 658 2241 Pur
675 2219 736 2242 ceo
754 2219 800 2254 qe
817 2219 907 2242 nous
926 2209 1041 2242 sumes
1059 2219 1178 2242 venuz
1197 2209 1215 2242 ἑ.
1233 2208 1266 2243 13
1283 2209 1332 2243 foi
1350 2211 1369 2244 e‘
1389 2211 1406 2244 :1
1425 2209 1458 2244 13
1475 2211 1624 2246 volunte

243 2281 292 2314 du
314 2278 487 2314 tresnoble
504 2278 635 2313 Prince
663 2279 682 2312 ό
709 2278 824 2313 nostre
855 2279 952 2313 chier
981 2278 1156 2324 Seigneur
1173 2292 1180 2313 l
1197 2279 1272 2314 Sire
1302 2280 1462 2316 Edward
1481 2295 1493 2316 l
1512 2295 1575 2329 par
1592 2284 1624 2318 la
