1881 2723
926 213 994 250 136

263 329 447 354 reeeuoms
464 318 526 354 des
543 306 615 354 Pres
633 320 750 355 dount
763 332 854 356 vous
869 321 955 356 estes
969 333 1029 356 ore
1046 321 1129 369 seisy
1144 334 1155 355 l
1170 321 1289 357 Sauue
1306 325 1370 356 nfe
1388 321 1481 356 dreit
1498 323 1517 357 6
1535 320 1629 356 autri
1643 339 1652 350 ‹

262 402 281 423 6
298 390 369 424 fors
385 391 458 436 pris
474 390 524 425 les
541 378 615 426 pres
632 405 643 426 l
657 391 708 426 les
725 392 848 439 queles
873 393 898 428 J
900 393 993 427 ohan
1017 392 1062 427 de
1079 393 1207 427 Baillol
1235 393 1300 440 qui
1324 392 1383 428 fut
1400 393 1475 428 Roi
1494 393 1654 428 Deseoce

262 472 352 495 vous
371 461 464 495 dona
480 464 572 509 puys
589 474 635 508 qe
651 474 743 498 nous
760 463 786 497 11
811 475 935 498 eumes
960 464 1098 498 renduz
1124 463 1158 498 le
1176 464 1330 498 Roiame
1349 464 1508 498 Descoce
1524 476 1532 498 l
1549 465 1568 498 6
1585 464 1654 497 for-

262 532 334 577 pris
352 532 443 566 celes
460 533 584 568 enfin}
597 547 608 567 l
620 533 670 568 les
688 534 811 581 queles
827 546 919 570 nous
936 547 1060 570 eumes
1077 534 1150 569 seifi
1168 539 1279 570 auant
1297 546 1359 569 ceo
1376 547 1421 581 qe
1439 546 1530 569 vous
1547 533 1654 568 fuffez

262 614 381 637 venuz
408 604 426 637 εἰ
451 603 485 638 la
502 606 585 650 p66s
601 624 608 632 ·
649 605 754 639 Estre
781 617 844 640 ceo
870 617 963 640 nous
994 610 1080 640 touz
1107 608 1126 640 6
1152 606 1304 640 chescun
1331 606 1376 639 de
1401 617 1493 640 nous
1518 616 1582 651 par
1606 605 1655 638 soi

261 685 386 708 auoms
404 673 469 708 fait
487 674 607 709 feaute
623 688 634 709 s
649 687 669 709 a
685 678 748 709 11ῗ6
762 676 938 721 Seigneur
955 675 989 709 16
1006 675 1080 710 Roi
1098 676 1265 709 auantdit
1281 688 1293 709 l
1309 687 1353 709 en
1371 675 1479 709 cestes
1497 675 1633 721 paroles
1646 693 1654 702 ·

260 745 329 779 Jeo
353 745 455 779 serrai
483 745 551 779 feal
581 747 600 779 6
626 745 722 779 leals
738 747 757 779 6
787 745 839 779 foi
869 747 888 779 6
915 745 1034 779 leaute
1059 746 1213 791 porterai
1238 758 1284 779 au
1309 745 1384 780 Roi
1402 745 1562 779 Edward
1584 745 1657 780 Roi

261 802 465 861 DenglePre
478 828 489 849 l
505 817 524 848 6
541 827 561 848 a
578 816 628 849 ses
646 815 739 848 heirs
756 827 764 849 1
778 815 823 849 de
841 815 899 849 vie
916 816 936 849 6
953 815 998 849 de
1015 815 1164 849 menbre
1179 817 1198 849 6
1213 815 1258 849 de
1270 801 1365 849 Prien
1384 815 1522 849 honeur
1535 819 1658 850 contre

262 890 355 920 totes
377 889 487 931 gentz
506 885 570 931 qui
595 889 749 931 purront
765 886 870 920 viure
887 898 935 920 ou
960 886 1071 920 morir
1088 899 1099 920 l
1115 887 1134 920 6
1163 886 1317 932 jammes
1342 898 1413 933 pur
1437 886 1526 933 nuly
1542 897 1657 920 armes

261 968 306 990 ne
328 956 483 1002 porterai
507 967 578 989 nen
607 956 736 990 conseil
764 968 835 991 nen
863 957 943 991 eide
968 968 1015 991 ne
1042 957 1145 991 setrai
1169 962 1292 991 contre
1319 957 1354 1004 ly
1374 970 1385 991 s
1403 969 1449 991 ne
1467 961 1590 992 contre
1606 957 1657 991 ses

260 1027 353 1061 heirs
375 1038 419 1060 en
437 1026 502 1060 nul
528 1039 584 1061 cas
602 1039 647 1073 qe
664 1031 751 1073 poet
767 1028 893 1061 auenir
905 1040 916 1061 s
934 1029 953 1062 6
970 1027 1156 1062 leaument
1183 1028 1397 1062 reconustrai
1415 1041 1422 1062 l
1437 1030 1456 1062 6
1473 1028 1656 1063 leaument

261 1098 325 1132 frai
339 1110 350 1132 s
365 1097 414 1131 les
432 1098 581 1132 seruiees
598 1109 644 1144 qe
660 1102 874 1144 apartenent
891 1110 928 1132 as
946 1102 1154 1132 tenementz
1173 1110 1218 1144 qe
1229 1098 1291 1144 jeo
1304 1098 1409 1132 cleim
1424 1099 1517 1132 tenir
1534 1098 1579 1132 de
1596 1099 1631 1145 ly
1648 1112 1656 1134 ι

261 1170 285 1203 fi
305 1169 407 1203 Dieu
425 1180 484 1203 me
498 1169 577 1203 eide
595 1170 614 1202 6
631 1168 681 1203 les
698 1169 804 1204 seints
820 1189 828 1198 ·
856 1169 917 1203 En
935 1169 1201 1216 tesmoignance
1219 1169 1280 1203 des
1298 1181 1414 1215 queus
1432 1169 1550 1204 choses
1567 1181 1658 1204 nous

261 1252 386 1274 auoms
413 1239 478 1273 fait
512 1240 601 1274 faire
625 1240 733 1274 cestes
760 1239 882 1274 lettres
910 1244 1053 1275 ouertes
1083 1240 1209 1275 seal66s
1239 1240 1284 1274 de
1314 1251 1378 1274 nos
1407 1241 1505 1275 seaus
1519 1261 1526 1270 ·
1570 1241 1658 1276 Dofi

262 1313 338 1357 [ξε.
357 1315 395 1344 ut
411 1310 554 1357 supra]

264 1443 363 1486 Item
402 1452 441 1486 A
459 1456 546 1487 touz
564 1463 667 1487 ceaus
685 1453 750 1499 qui
767 1453 874 1488 cestes
892 1454 1014 1489 lettres
1038 1458 1185 1488 verront
1215 1466 1262 1489 ou
1291 1457 1414 1489 orront
1429 1466 1441 1488 l
1454 1453 1595 1500 Hughe
1612 1453 1657 1488 de

262 1522 424 1557 Penicok
440 1535 448 1557 ι
464 1523 585 1570 Aleyn
606 1523 651 1558 de
669 1524 843 1558 Libertofi
858 1537 869 1559 l
886 1525 1011 1559 Dauid
1032 1525 1077 1559 de
1095 1525 1241 1571 Lssvbtofi
1256 1538 1267 1559 s
1283 1525 1451 1559 VVautier
1469 1525 1514 1559 de
1532 1524 1657 1571 Logh-

259 1594 331 1628 dofi
348 1607 359 1628 l
374 1594 544 1629 Randulf
556 1594 601 1629 de
621 1594 804 1641 Loghdofi
817 1608 828 1629 l
846 1595 986 1642 Hughe
1000 1595 1125 1641 Rydel
1139 1608 1150 1629 l
1166 1596 1329 1642 Gunnyd
1346 1596 1471 1630 Broun
1487 1608 1497 1629 t
1514 1595 1657 1630 Gilbert

260 1665 305 1698 de
338 1665 567 1712 Dunmanyn
586 1679 597 1700 1
617 1666 778 1700 Edward
815 1666 861 1701 de
895 1667 1079 1702 Couertoii
1106 1679 1117 1700 s
1139 1667 1165 1701 J
1167 1667 1259 1701 ohan
1302 1667 1347 1700 de
1388 1666 1627 1713 Agdokestofi
1645 1679 1656 1700 s

258 1735 417 1770 Richard
445 1736 490 1770 de
521 1736 616 1771 Erth
634 1737 824 1771 [William
851 1738 896 1772 de
925 1737 1170 1784 Kynemunth
1186 1750 1197 1771 l
1214 1738 1343 1784 Henry
1368 1737 1413 1771 de
1439 1737 1586 1771 Lisours
1608 1750 1618 1771 s
1637 1739 1656 1771 ἑ

260 1806 429 1840 William
458 1806 503 1840 de
530 1807 693 1842 Drilawe
710 1820 718 1842 l
736 1812 884 1842 tenantz
914 1808 948 1842 16
978 1808 1053 1843 Roi
1083 1808 1134 1842 du
1161 1809 1292 1842 Comte
1318 1808 1363 1841 de
1380 1807 1628 1854 Edeneburgh
1645 1820 1657 1842 l

260 1877 375 1924 Helys
404 1878 438 1912 le
467 1878 597 1912 Porter
626 1878 671 1912 de
700 1879 838 1925 Rugan
854 1895 864 1912 s
881 1880 900 1913 6
926 1879 1065 1926 Rogier
1089 1879 1124 1913 16
1149 1879 1194 1913 fiz
1213 1879 1377 1913 Richard
1398 1878 1443 1913 de
1461 1879 1630 1926 Cadrogh
1647 1892 1658 1912 s

260 1952 408 1982 tenantz
438 1948 471 1982 le
489 1949 563 1984 Roi
592 1949 643 1984 du
662 1950 808 1985 Counte
834 1950 879 1985 de
904 1950 1053 1985 Lanark
1069 1963 1080 1984 s
1095 1949 1258 1985 Richard
1286 1950 1318 1984 F
1322 1949 1425 1984 offart
1438 1963 1449 1984 l
1464 1950 1509 1984 de
1525 1951 1551 1984 J
1553 1950 1659 1984 edde-

259 2018 376 2052 worth
392 2031 399 2053 ι
417 2021 436 2052 6
454 2019 601 2066 Reyner
627 2021 673 2054 de
691 2021 824 2055 Clonas
843 2021 1030 2056 Lombard
1057 2025 1205 2055 tenantz
1233 2020 1266 2054 16
1283 2021 1357 2054 Roi
1381 2020 1432 2054 du
1450 2020 1595 2055 Counte
1612 2020 1658 2054 de

259 2089 502 2135 Rokesburgh
519 2103 526 2125 ι
547 2091 719 2125 William
733 2092 792 2125 On
807 2091 869 2126 the
881 2092 977 2127 Hull
992 2105 999 2127 t
1016 2092 1175 2126 Thomas
1194 2092 1238 2125 de
1257 2091 1411 2125 Karibre
1426 2104 1437 2124 l
1453 2091 1582 2137 Henry
1600 2090 1658 2125 del

260 2160 356 2194 VVro
374 2172 381 2194 1
399 2160 538 2194 Michel
567 2161 601 2194 le
630 2162 808 2196 Lardiner
821 2175 832 2197 s
845 2162 954 2197 Nieol
973 2162 1138 2207 Serjaunt
1166 2162 1210 2195 de
1229 2161 1398 2196 Linlescu
1412 2174 1423 2195 l
1438 2161 1595 2208 Phelips)
1613 2162 1659 2196 de

260 2231 396 2278 Abnyd
412 2244 424 2265 l
437 2231 574 2266 Gilbert
592 2231 636 2266 de
650 2232 869 2280 Hildeelyve
883 2245 894 2267 l
909 2233 1078 2267 William
1097 2233 1142 2267 de
1161 2232 1399 2268 Kenemunth
1415 2244 1423 2268 Ι
1438 2232 1605 2267 William
1627 2232 1660 2266 le

258 2302 305 2336 fiz
324 2302 470 2338 Arnald
484 2316 495 2337 l
513 2303 667 2338 Andreu
687 2304 732 2338 de
751 2303 901 2340 Crostofi
918 2316 925 2339 l
943 2304 1069 2339 Adam
1094 2303 1139 2338 de
1162 2303 1384 2340 VVhiteburfi
1400 2316 1412 2338 t
1427 2303 1597 2338 Gilchrist
1615 2303 1660 2338 de
