1881 2723
907 191 975 223 142

240 294 311 329 Jeo
340 294 443 328 serrai
472 293 540 328 feal
558 296 577 329 6
594 292 662 329 leal
679 306 687 330 1
704 296 724 329 6
749 294 799 329 foi
825 296 844 329 6
870 294 990 330 leaute
1015 295 1170 342 portel-ai
1197 307 1243 330 au
1273 295 1347 331 Roi
1376 295 1537 332 Edward
1561 296 1636 332 Roi

242 351 446 411 Dengle‘Pre
459 379 469 397 1
482 367 501 399 6
519 378 539 400 a
552 365 601 400 ses
615 365 708 400 heirs
722 378 731 402 1
746 366 790 401 (16
805 367 864 401 vie
875 368 894 400 6
908 367 953 401 (16
966 366 1115 401 menbre
1128 380 1140 401 1
1154 368 1174 401 6
1188 367 1233 402 (16
1246 354 1341 402 Prien
1356 367 1495 402 honeur
1512 372 1637 402 contre

240 441 335 470 totes
358 441 467 483 gentz
486 437 550 483 qui
575 442 728 483 purront
744 437 848 472 viure
865 449 913 472 ou
938 438 1048 472 morir
1063 451 1074 472 1
1092 440 1112 472 6
1131 438 1287 484 jammes
1312 451 1382 485 pur
1406 439 1496 485 nub*r
1521 450 1636 473 armes

241 519 287 541 ne
303 509 460 554 porterai
475 521 482 543 1
498 519 569 543 nen
587 508 719 543 conseil
735 520 807 543 nen
833 509 912 543 eide
936 521 983 543 ne
1007 509 1110 544 serrai
1137 515 1260 544 contre
1286 509 1322 557 ly
1337 526 1347 543 1
1364 522 1409 544 116
1437 514 1560 544 contre
1584 510 1637 544 ses

242 578 335 613 heirs
352 590 397 613 en
415 579 481 614 nul
498 591 555 614 cas
572 591 618 626 qe
634 584 721 626 poet
745 581 870 615 auenir
886 593 896 614 1
912 582 931 614 6
948 580 1134 615 leaument
1158 581 1376 615 reconustrai
1390 594 1398 616 1
1415 583 1434 616 6
1451 581 1636 615 leaument

241 649 306 684 frai
323 649 373 684 les
390 650 539 685 seruices
553 662 598 697 qe
615 655 826 696 apartenent
843 662 880 684 as
897 655 1105 685 tenementz
1120 663 1128 685 1
1143 663 1188 697 qe
1199 651 1262 696 jeo
1279 651 1384 686 cleim
1402 652 1496 686 tenir
1513 652 1558 686 de
1575 651 1611 698 ly
1623 665 1634 686 1

241 721 265 754 fi
285 721 384 755 Dieu
401 732 461 755 me
486 721 566 755 eide
590 723 610 754 6
635 721 685 754 les
710 721 822 754 seintz
837 740 846 749 ·
890 720 951 754 En
982 720 1248 767 tesmoignanee
1276 722 1338 755 des
1355 734 1472 768 queus
1489 722 1608 757 choses
1624 736 1635 756 1
1710 731 1713 734 “

240 803 332 826 nous
359 803 483 826 auoms
510 791 578 825 fait
607 790 696 824 faire
723 791 831 825 cestes
859 791 982 825 lettres
1016 795 1158 826 ouertes
1191 791 1318 826 sealees
1352 792 1397 826 de
1430 803 1495 827 nos
1525 793 1634 828 seaus·

241 864 389 897 Donees
417 864 491 909 [230.
508 867 549 896 ut
561 861 706 909 Supra]

240 995 340 1039 Item
391 1004 429 1037 A
448 1008 535 1038 touz
554 1015 657 1038 ceaus
676 1003 741 1049 qui
758 1003 866 1037 cestes
883 1003 1006 1037 lettres
1024 1008 1171 1038 verront
1188 1015 1236 1038 ou
1253 1008 1376 1038 orront
1390 1016 1399 1039 1
1413 1004 1574 1039 Duncan
1591 1005 1637 1039 de

236 1074 501 1122 Fernyndrogh
517 1087 524 1110 1
541 1074 700 1109 chiualer
716 1088 727 1109 1
741 1074 906 1110 Norman
924 1074 970 1109 de
987 1074 1153 1121 Leffelffvn
1171 1074 1330 1109 chiualer
1342 1087 1353 1109 1
1368 1075 1394 1110 J
1395 1074 1490 1109 ohan
1502 1075 1636 1122 Lyppe

236 1146 294 1180 del
313 1146 459 1181 Counte
477 1146 522 1180 de
540 1145 715 1180 Abredefi
731 1158 743 1180 1
756 1145 915 1180 Thomas
934 1145 979 1179 de
994 1145 1167 1180 Morham
1181 1158 1188 1180 1
1204 1146 1318 1192 pusne
1332 1159 1343 1180 1
1356 1145 1415 1180 (161
1427 1146 1574 1180 Counte
1591 1146 1636 1180 de

240 1217 421 1264 Striue15vn
436 1230 447 1251 1
460 1217 485 1252 J
487 1216 582 1251 ohan
597 1216 758 1263 Whight
774 1230 785 1251 1
799 1216 857 1251 (161
876 1217 1023 1251 Counte
1036 1216 1081 1251 de
1095 1216 1244 1251 Lanark
1259 1229 1271 1250 1
1283 1216 1452 1251 William
1470 1217 1605 1251 Bretofi
1623 1234 1634 1250 1

233 1288 293 1322 (161
311 1289 457 1323 Counte
484 1288 530 1322 de
559 1288 729 1322 Linlescu
743 1301 755 1321 1
771 1287 940 1322 Willjam
970 1288 1016 1322 de
1043 1287 1296 1335 Abercromby
1309 1300 1321 1322 1
1334 1287 1392 1322 (161
1418 1288 1565 1323 Counte
1591 1289 1636 1323 de

235 1359 332 1406 Fyff
339 1372 350 1393 1
365 1358 507 1406 Hughe
525 1359 570 1393 de
591 1359 684 1393 Urre
709 1359 767 1393 del
787 1359 932 1393 Counte
950 1359 995 1393 de
1013 1359 1179 1394 Dunfres
1195 1372 1206 1393 1
1223 1359 1349 1406 Roger
1365 1359 1411 1394 de
1429 1359 1608 1394 Crauford
1625 1373 1633 1395 1

236 1430 294 1464 (161
314 1430 459 1465 Counte
477 1430 523 1464 de
540 1430 619 1465 Are
634 1442 645 1464 1
661 1429 820 1464 Thomas
846 1429 880 1463 16
908 1430 1019 1464 Ewer
1033 1445 1044 1462 1
1059 1429 1181 1464 Johan
1211 1430 1256 1464 de
1276 1429 1395 1465 Skene
1413 1430 1471 1464 del
1490 1431 1636 1465 Counte

235 1502 280 1536 de
298 1501 547 1548 Edeneburgh
563 1518 572 1534 1
587 1501 681 1536 saluz
697 1521 704 1528 ·
749 1501 828 1535 Pur
853 1512 916 1535 ceo
957 1503 1031 1548 [030.
1058 1506 1099 1536 ut
1121 1500 1267 1548 supra]
1318 1500 1468 1536 Donees
1496 1504 1569 1549 [856.
1598 1507 1639 1536 ut

234 1573 376 1620 supra]

234 1705 334 1749 Item
385 1715 424 1749 A
450 1718 536 1749 touz
563 1726 667 1749 eeaus
690 1714 755 1761 qui
780 1714 888 1749 cestes
905 1713 1028 1748 lettres
1046 1718 1193 1749 verront
1213 1727 1262 1749 ou
1287 1720 1411 1750 orront
1426 1728 1438 1750 1
1452 1715 1573 1751 Johan
1591 1715 1637 1749 de

233 1786 353 1819 Stowe
369 1798 380 1819 1
393 1786 541 1832 persone
558 1785 616 1820 del
630 1785 753 1832 Eglise
781 1785 827 1819 de
854 1785 1066 1832 Glenkerny
1082 1798 1089 1820 1
1107 1786 1166 1820 (161
1179 1786 1324 1821 Counte
1341 1787 1386 1821 de
1401 1787 1603 1822 Kineardin
1621 1799 1629 1820 1

232 1868 277 1890 611
296 1857 456 1891 Miernes
471 1870 479 1892 1
495 1858 517 1891 J
521 1868 589 1891 one
615 1857 660 1891 de
686 1856 892 1891 Laundeles
910 1869 917 1891 1
934 1856 1074 1903 Symfid
1092 1857 1298 1904 Frauneeys
1313 1870 1325 1891 1
1340 1857 1483 1893 Robert
1499 1857 1550 1893 du
1565 1857 1637 1892 Val

232 1927 277 1961 de
293 1927 367 1962 ΕΠ(
381 1941 392 1961 1
406 1927 572 1963 Richard
588 1927 621 1962 16
638 1928 685 1962 fiz
701 1927 849 1975 Geffrey'⁷
862 1928 907 1963 de
920 1927 1063 1962 Ekford
1082 1927 1141 1962 del
1156 1928 1301 1963 Counte
1314 1929 1360 1973 de
1369 1928 1636 1976 Rokesburght

229 1998 358 2033 Dauid
374 1998 408 2033 16
426 1999 570 2034 Vicaire
588 1999 647 2034 del
666 1999 788 2046 Eglise
807 1999 851 2033 de
870 1999 1028 2046 Foghou
1046 2000 1094 2035 1J
1096 2000 1190 2034 ohan
1205 2000 1345 2035 Vicaire
1360 2000 1406 2035 de
1416 2000 1609 2046 Langetofi
1624 2012 1632 2033 1

229 2068 288 2103 (161
299 2069 445 2103 Counte
459 2070 504 2104 de
518 2070 701 2116 Berewyk
715 2083 723 2105 1
739 2071 892 2105 Andreu
909 2071 954 2105 de
969 2070 1157 2117 Garuiagh
1174 2070 1351 2105 'Richard
1363 2070 1409 2104 de
1424 2070 1612 2118 Lethindy
1622 2085 1633 2105 1

231 2140 426 2175 Elizabeth
450 2141 496 2175 de
513 2140 709 2175 Ross'eneth
723 2154 734 2174 1
750 2141 809 2175 (161
828 2141 983 2176 Counte
1001 2141 1046 2175 de
1060 2140 1234 2176 Aberdefi
1251 2141 1412 2176 (Robert
1428 2141 1474 2176 de
1492 2141 1634 2177 Graunt

234 2211 293 2246 del
311 2212 457 2247 Counte
483 2212 528 2246 de
548 2211 629 2258 Fyf
643 2225 654 2246 1
670 2212 802 2258 Henry
826 2211 860 2246 le
886 2212 933 2246 fiz
961 2211 1114 2246 Ernaud
1132 2228 1142 2245 1
1155 2211 1324 2247 William
1351 2213 1527 2260 Goscelyn
1547 2225 1556 2248 1
1575 2213 1634 2248 (161

233 2283 379 2318 Counte
411 2283 456 2317 de
475 2282 631 2330 Selkyrk
653 2297 664 2318 1
682 2283 708 2318 J
710 2282 803 2317 ohan
833 2283 878 2317 de
906 2282 1125 2318 Dunbretan
1145 2296 1157 2318 1
1174 2283 1320 2330 persone
1347 2283 1405 2320 del
1433 2284 1556 2332 Eglise
1589 2284 1635 2320 de
