1881 2723
899 152 969 183 155

239 258 259 292 9
275 257 333 292 sur
349 256 430 303 q‘nt
447 267 493 302 qe
519 266 610 289 nous
642 254 818 301 peuss'oms
844 264 1079 298 encouretqe
1105 263 1199 286 nous
1228 251 1264 298 ly
1289 251 1478 286 seruiroms
1509 251 1592 285 bien
1619 253 1639 285 6

238 328 421 363 leaument
440 339 452 360 l
470 329 594 360 contre
621 329 714 359 totes
739 328 848 370 gentz
875 324 939 369 qui
966 327 1120 369 purront
1148 323 1251 356 viure
1269 323 1288 356 6
1308 322 1419 356 morir
1438 333 1446 356 ι
1464 326 1557 356 totes
1588 322 1638 355 les

237 399 307 433 foiz
325 409 370 445 qe
387 409 478 432 nous
499 397 647 431 serroms
664 395 785 441 requis
802 406 850 429 ou
867 394 992 439 garniz
1011 394 1057 427 de
1081 405 1146 440 par
1168 393 1286 427 nostre
1305 392 1481 438 Seigneur
1509 392 1544 426 le
1565 392 1639 426 Roi

238 457 442 516 DenglePre
466 467 635 502 auantdit
660 478 709 500 ou
735 477 798 512 par
824 465 875 499 ses
901 465 994 499 heirs
1009 484 1017 492 ·
1062 465 1096 499 E
1116 475 1162 510 qe
1187 475 1280 498 nous
1311 463 1390 497 leur
1416 463 1568 509 damage
1593 474 1639 497 ne

236 541 392 575 sauroms
411 551 424 574 l
441 550 486 585 qe
524 549 616 572 nous
651 537 710 571 nel
745 536 987 571 destorbeoms
1013 535 1031 569 zi
1058 539 1114 569 tot
1153 534 1271 569 nostre
1305 546 1392 580 poer
1414 546 1421 568 t
1443 536 1462 568 6
1488 534 1520 568 le
1559 534 1638 568 leur

236 611 391 646 faceoms
409 611 428 644 ἔι
445 610 559 644 sauoir
571 630 579 638 ·
620 609 654 643 E
672 620 692 642 a
709 608 818 642 cestes
843 607 962 642 choses
986 607 1080 641 tenir
1106 608 1125 641 6
1155 606 1285 653 garder
1303 618 1316 640 t
1330 616 1422 639 nous
1440 604 1639 651 obligeoms

237 693 330 716 nous
357 683 376 716 6
405 693 470 715 nos
495 681 646 715 heirst6
679 684 766 714 touz
797 690 862 713 nos
891 679 993 713 biens
1010 679 1056 712 16
1081 683 1186 712 outre
1211 689 1273 712 ceo
1300 688 1426 711 auoms
1449 676 1554 722 jurez
1582 677 1640 710 sur

238 753 376 788 Seintes
394 751 608 799 Eu‘ngeiles
624 771 631 780 ·
659 751 762 785 Estre
781 762 843 785 ceo
869 761 960 784 nous
986 754 1071 783 touz
1091 750 1111 782 6
1129 748 1282 783 chescun
1312 748 1358 782 de
1384 759 1476 782 nous
1500 759 1565 793 par
1589 747 1637 781 soi

236 835 362 858 auoms
388 823 455 858 fait
484 823 604 857 feaute
638 823 657 856 zi
690 821 808 856 nostre
845 821 1020 867 Seigneur
1051 820 1085 854 19
1118 820 1192 854 Roi
1234 819 1401 853 auantdit
1421 831 1429 853 l
1450 830 1494 852 en
1529 818 1637 853 cestes

236 894 373 941 paroles
389 913 398 922 ·
433 894 459 928 .Ῐ
461 905 504 927 90
521 893 622 928 serrai
640 892 710 927 feal
727 893 746 926 6
764 891 832 926 leal
849 904 856 926 l
874 893 893 926 6
911 892 960 926 foi
978 893 997 926 6
1015 891 1134 925 leaute
1150 890 1305 936 porterai
1322 902 1368 924 au
1387 889 1461 924 Roi
1480 889 1638 924 Edward

239 965 315 1000 Roi
330 964 571 1011 Dengleterre
585 977 593 999 l
610 966 630 998 6
648 964 666 998 zi
684 965 735 998 ses
752 963 916 997 heirstde
930 963 988 997 vie
1005 964 1025 996 6
1043 962 1088 996 de
1105 961 1254 996 menbre
1266 974 1277 995 t
1291 962 1310 996 e'
1329 960 1374 995 (19
1391 949 1485 996 Prien
1500 960 1639 995 honeur

235 1041 359 1071 contre
384 1040 478 1070 totes
506 1039 617 1082 gentz
636 1036 700 1081 qui
727 1038 882 1081 purront
904 1034 1007 1068 viure
1033 1045 1081 1068 ou
1106 1033 1218 1067 morir
1234 1045 1242 1067 l
1257 1034 1276 1067 6
1288 1032 1444 1078 jammes
1462 1043 1531 1078 pur
1548 1031 1639 1078 nuly

236 1118 350 1142 armes
369 1119 416 1142 ne
432 1107 588 1154 porterai
602 1120 610 1142 l
626 1118 698 1141 nen
716 1105 845 1141 conseil
862 1117 933 1140 nen
951 1105 1030 1139 eide
1048 1116 1093 1139 ne
1111 1105 1214 1139 serrai
1232 1108 1355 1138 contre
1371 1103 1433 1150 luy
1451 1114 1497 1137 ne
1514 1107 1638 1137 contre

235 1180 286 1214 ses
316 1179 434 1214 heirSJ
450 1191 495 1213 en
522 1178 587 1213 nul
615 1190 671 1213 cas
697 1190 742 1225 qe
767 1182 852 1224 poet
878 1177 1006 1211 auenir
1022 1189 1034 1210 s
1048 1176 1073 1210 fi
1091 1175 1211 1211 meide
1229 1175 1349 1209 Dieus
1374 1176 1394 1209 6
1419 1174 1470 1209 les
1489 1174 1613 1209 Seintz
1627 1193 1636 1202 ·

236 1250 297 1285 En
325 1251 591 1297 tesmoignance
621 1250 683 1284 des
718 1261 835 1295 queus
869 1248 989 1282 choses
1013 1260 1021 1282 l
1046 1258 1139 1281 nous
1164 1258 1291 1281 auoms
1315 1246 1383 1280 fait
1412 1245 1501 1280 faire
1528 1245 1635 1280 cestes

233 1322 355 1356 lettres
372 1326 514 1356 ouertes
531 1321 658 1355 sea166s
676 1320 722 1354 de
739 1331 803 1354 nos
820 1321 919 1354 seaus
934 1339 942 1348 -
996 1319 1146 1353 Donee‘s
1175 1320 1250 1364 [ᾃσ.
1270 1321 1310 1352 ut
1328 1316 1473 1364 supra]

238 1453 339 1498 Item
376 1463 416 1497 A
434 1467 521 1496 touz
546 1473 649 1496 ceaus
667 1461 733 1507 qui
763 1461 871 1495 cestes
901 1460 1025 1494 lettres
1047 1462 1196 1494 verront
1226 1470 1274 1493 ou
1301 1463 1425 1492 orront
1440 1456 1637 1491 [Wautier

237 1534 367 1568 vicaire
400 1533 459 1567 del
487 1532 610 1579 Eglise
649 1532 694 1566 de
725 1531 1037 1578 Lychardeswode
1058 1543 1066 1565 ι
1086 1530 1226 1565 Βοὺρτῖ
1259 1529 1305 1564 (19
1339 1530 1473 1564 Douns
1493 1541 1505 1562 l
1524 1528 1637 1563 Frere

234 1604 405 1639 William
430 1604 559 1639 mestre
585 1603 630 1638 de
654 1603 689 1637 la
708 1604 830 1637 meson
849 1603 894 1636 de
913 1602 1015 1637 Seint
1035 1602 1205 1648 Augstyn
1218 1617 1228 1634 ι
1242 1600 1287 1635 (19
1307 1600 1495 1647 Seggedefi
1513 1612 1520 1634 l
1536 1599 1633 1633 Wil-

234 1675 318 1710 liam
338 1675 371 1709 O
390 1675 452 1710 the
471 1675 553 1710 Hifl
569 1691 578 1708 s
592 1675 617 1710 J
620 1674 713 1709 ohan
732 1674 778 1709 de
792 1673 945 1708 Leth‘sm
958 1686 970 1708 l
983 1673 1042 1708 del
1056 1673 1200 1707 Counte
1215 1673 1259 1707 (19
1279 1671 1455 1718 Berewyk
1467 1684 1479 1706 l
1493 1671 1634 1706 Gilberf

234 1748 382 1793 persone
407 1746 465 1780 del
483 1746 604 1792 Eglise
629 1746 675 1780 de
694 1745 948 1780 Kildekauena
962 1757 973 1778 s
985 1744 1044 1778 del
1065 1744 1210 1778 Counte
1235 1743 1281 1777 de
1299 1743 1412 1778 Pertb
1430 1755 1441 1776 s
1457 1742 1565 1776 Peres
1589 1741 1635 1775 de

238 1817 396 1852 Dewere
411 1829 418 1851 t
435 1817 563 1851 Huwe
581 1816 627 1851 de
644 1815 811 1862 Gurlegh
826 1829 836 1849 s
847 1815 979 1850 Patrik
996 1815 1041 1848 de
1059 1814 1226 1860 Gurlegh
1243 1826 1250 1848 l
1270 1814 1418 1860 persone
1436 1812 1494 1846 del
1512 1812 1635 1858 Eglise

233 1888 279 1922 de
298 1887 546 1934 Loghorward
562 1900 573 1921 s
587 1888 712 1922 Huwe
730 1886 860 1921 vicaire
887 1886 945 1920 del
970 1885 1092 1932 Eglise
1120 1885 1165 1919 de
1194 1884 1390 1919 Cranestofi
1406 1896 1417 1918 s
1431 1884 1638 1930 Margarete

236 1959 282 1994 de
298 1958 463 1994 Penicok
480 1971 487 1993 l
502 1958 641 2006 Eleyne
654 1958 700 1992 de
712 1957 1025 2004 Dudynggestofis
1036 1957 1160 1991 Adam
1175 1956 1220 1990 de
1234 1956 1386 2002 Lyntofi
1398 1955 1431 1989 le
1448 1955 1474 1989 J
1476 1966 1635 1989 oeuenet

236 2029 355 2065 Johan
375 2029 498 2064 Cheen
517 2029 575 2064 del
601 2029 746 2064 Counte
772 2029 816 2063 de
834 2028 1083 2074 Edeneburgh
1100 2040 1111 2062 s
1125 2027 1246 2062 Johan
1274 2027 1405 2061 vicaire
1431 2025 1490 2060 del
1515 2025 1638 2073 Eglise

235 2101 280 2135 de
314 2101 507 2135 Edenham
528 2114 539 2135 s
559 2101 686 2135 Huwe
720 2100 823 2147 Body
840 2112 851 2134 l
867 2099 925 2134 del
960 2099 1104 2134 Counte
1129 2098 1175 2133 de
1210 2097 1453 2144 Rokesburgh
1471 2110 1482 2131 t
1497 2097 1639 2131 Morice

237 2172 418 2207 Unthank
431 2185 442 2206 l
458 2172 626 2207 William
646 2172 679 2206 19
698 2171 809 2206 019ιῇ
821 2185 832 2205 s
845 2171 903 2205 del
934 2171 1080 2205 Counte
1106 2170 1151 2204 de
1170 2168 1318 2204 Lanark
1334 2182 1345 2204 l
1360 2169 1487 2215 Henry
1504 2168 1636 2203 vieaire

238 2242 297 2277 del
314 2242 435 2290 Eglise
452 2243 497 2278 de
511 2243 739 2278 Laurinetofi
754 2255 765 2277 s
778 2242 916 2278 Roberf
934 2241 979 2276 de
996 2241 1028 2276 T
1031 2240 1164 2288 yndale
1180 2254 1187 2276 l
1202 2241 1349 2288 persone
1367 2239 1424 2274 del
1439 2239 1564 2286 Eglise
1591 2238 1636 2272 (19
