1881 2723
109 1467 213 1497 M.17.

906 216 974 247 108

243 317 422 353 Gurdoun
454 317 611 352 chiualer
629 330 641 352 l
659 318 775 353 saluz·
827 319 907 353 Pur
933 330 995 352 ceo
1023 321 1097 367 [Age.
1124 323 1163 353 ut
1186 319 1328 366 supra]
1380 320 1462 354 Dofi
1498 322 1572 367 [ξε.
1598 325 1638 355 αἱ

242 389 383 436 supra]
455 389 552 423 Item
567 408 576 417 ·
628 390 668 424 A
686 395 771 424 touz
790 401 895 424 eeaus
912 390 976 436 qui
994 391 1101 425 cestes
1128 390 1250 424 lettres
1267 395 1415 425 verront
1440 403 1487 425 ou
1513 396 1636 425 orront

243 460 412 494 William
435 460 487 494 W
490 460 600 494 isman
620 473 632 495 l
650 460 746 495 saluz
762 479 771 488 ·
810 462 888 496 Pur
913 473 975 495 ceo
1019 464 1096 509 [350.
1123 467 1163 496 ut
1184 462 1328 509 supra]
1379 462 1468 496 Dofi
1496 464 1570 509 [ὅδε.
1597 467 1638 496 ut

245 531 389 577 supra]
466 532 562 565 Item
578 552 585 560 ·
629 532 669 567 A
686 536 773 566 touz
792 544 895 566 ceaus
912 533 977 579 qui
994 533 1102 567 eestes
1128 532 1250 567 lettres
1275 538 1396 567 verrot
1421 545 1467 567 ou
1489 537 1635 568 orrontt

242 601 362 637 Johan
381 602 425 636 de
443 602 634 637 Montford
649 603 793 637 [saluz-
821 603 899 638 Pur
924 615 986 637 ceo
1025 606 1098 650 [850.
1125 609 1165 638 ut
1182 604 1325 650 supra]
1377 604 1465 638 Dofi
1494 607 1568 651 [856.
1598 609 1638 638 ut

244 674 385 720 supra]
472 674 567 708 Item
582 694 589 702 ·
633 675 674 708 A
691 678 777 708 touz
797 685 900 708 ceaus
919 675 984 720 qui
1001 674 1108 708 eestes
1125 674 1247 708 lettres
1262 679 1408 709 verront
1425 686 1474 708 ou
1491 679 1613 709 orront
1625 687 1638 709 l

245 744 464 779 Alisaundre
485 745 530 778 de
549 744 726 791 Hateleye
739 757 751 779 l
765 744 860 779 saluz
877 764 885 772 ·
912 745 991 779 Pur
1008 757 1070 779 ceo
1087 765 1094 773 ·
1124 748 1199 792 [ᾃε.
1217 751 1257 780 ut
1273 745 1418 791 supra]
1445 745 1534 780 Dofi
1562 748 1637 792 [135⁶-

246 821 284 851 ηδ
309 816 450 863 supra]
551 816 648 850 Item
664 836 671 844 ·
723 816 763 851 A
793 820 879 850 touz
909 828 1012 851 ceaus
1036 817 1101 863 qui
1128 818 1235 852 cestes
1264 817 1387 852 lettres
1412 821 1558 852 verront
1592 829 1640 852 ou

245 890 367 921 orront
380 898 391 919 t
403 886 527 921 James
552 886 585 920 le
611 886 707 922 Fiuz
735 887 918 935 Godefrey
944 888 990 922 de
1007 888 1084 923 Ros
1103 901 1111 923 l
1129 888 1162 922 le
1187 889 1289 924 esnee
1303 902 1314 923 s
1330 889 1424 924 saluz
1439 909 1446 917 ·
1474 889 1553 924 Pur
1579 900 1641 923 ceo

249 960 322 1004 [ξε.
349 961 388 992 ut
412 958 554 1004 supra]
595 958 685 992 Dofi
713 960 787 1005 [ιξε.
814 962 853 993 ut
878 960 1021 1005 supra]
1120 960 1220 994 vItem
1271 960 1311 994 A
1336 964 1422 994 touz
1449 971 1553 994 eeaus
1578 959 1643 1007 qui

246 1028 352 1062 cestes
379 1028 501 1063 lettres
528 1033 675 1079 verront
703 1041 751 1063 ou
784 1034 907 1063 orront
927 1042 937 1062 s
954 1029 1112 1063 Renaud
1142 1029 1186 1063 de
1221 1029 1322 1064 Seint
1357 1030 1516 1064 Michels
1535 1030 1644 1065 Clerk

247 1098 341 1133 saluz
356 1119 364 1127 ·
417 1099 495 1133 Pur
512 1111 574 1133 ceo
593 1101 671 1147 [ᾃε.
691 1105 731 1134 ut
746 1101 892 1147 Supra]
943 1100 1029 1134 Doffi
1053 1102 1127 1147 [effic.
1146 1105 1185 1135 ut
1201 1101 1344 1147 supra]
1444 1101 1540 1135 Item
1557 1120 1564 1129 ·
1604 1102 1643 1136 A

247 1174 333 1204 touz
354 1182 457 1204 ceaus
475 1171 541 1217 qui
559 1171 666 1206 cestes
684 1170 805 1205 lettres
824 1175 970 1205 verront
997 1183 1043 1205 ou
1072 1176 1195 1205 orront
1219 1173 1241 1205 J
1244 1183 1341 1206 ames
1359 1172 1392 1206 le
1412 1172 1505 1207 Fiuz
1525 1172 1644 1207 Gode-

248 1241 322 1287 frey
340 1241 384 1275 de
403 1242 480 1276 Ros
494 1255 505 1276 s
521 1241 555 1276 le
584 1243 718 1288 pufiree
735 1255 746 1276 s
762 1242 856 1276 saluz
875 1262 882 1270 ·
911 1242 990 1276 Pur
1014 1254 1077 1276 ceo
1107 1244 1180 1289 [ξε.
1199 1248 1239 1277 ut
1254 1243 1399 1290 supra]
1452 1244 1538 1278 Doffi
1571 1246 1644 1291 [ᾃε.

249 1317 289 1346 ut
303 1312 445 1359 supra]
546 1313 642 1347 Item
693 1313 733 1347 A
752 1317 838 1347 touz
857 1324 961 1347 ceaus
987 1313 1051 1358 qui
1078 1313 1186 1347 cestes
1212 1313 1336 1348 lettres
1353 1319 1499 1348 verront
1525 1326 1572 1349 ou
1590 1326 1645 1349 or-

250 1388 333 1417 ront
346 1396 356 1416 l
371 1383 509 1417 Robert
527 1383 560 1417 le
578 1382 792 1430 Trembleye
810 1396 821 1417 s
834 1383 929 1417 saluz
945 1404 952 1412 -
995 1384 1072 1418 Pur
1097 1395 1160 1418 ceo
1197 1387 1272 1431 [ξε.
1299 1390 1339 1418 ut
1362 1385 1503 1431 supra]
1556 1385 1645 1419 Doii

252 1456 327 1501 [ξε.
348 1459 388 1488 ut
403 1454 544 1501 supra]
645 1454 741 1488 Item
791 1454 830 1488 A
849 1459 936 1488 touz
957 1466 1061 1488 eeaus
1079 1455 1144 1500 qui
1162 1455 1269 1489 cestes
1294 1454 1416 1489 lettres
1433 1460 1580 1490 verront
1596 1468 1643 1490 ou

252 1530 375 1559 orront
387 1537 399 1559 l
415 1525 588 1572 Ayelmer
606 1524 747 1572 Comyn
765 1524 863 1559 saluz
881 1545 887 1552 ·
916 1525 995 1560 Pur
1013 1536 1075 1559 ceo
1103 1527 1177 1572 [ξε.
1205 1530 1246 1559 ut
1261 1526 1402 1574 supra]
1454 1526 1542 1561 Dofi
1570 1529 1644 1574 [3250.

252 1602 290 1631 ut
306 1597 450 1643 supra]
548 1596 645 1630 Item
695 1597 734 1630 A
752 1600 839 1630 touz
865 1607 968 1630 ceaus
987 1596 1051 1642 qui
1081 1596 1189 1630 cestes
1214 1596 1337 1631 lettres
1354 1602 1499 1632 verront
1525 1609 1574 1632 ou
1591 1610 1645 1632 or-

250 1672 334 1702 ront
348 1681 355 1702 l
370 1667 540 1702 william
557 1667 602 1701 de
621 1667 783 1702 Laseeles
802 1667 896 1702 saluz
913 1686 921 1695 ·
949 1668 1027 1702 Pur
1052 1679 1115 1702 ceo
1143 1670 1219 1714 [ξε.
1237 1673 1276 1702 ut
1291 1669 1435 1715 supra]
1461 1669 1549 1703 Dofi
1569 1671 1643 1717 [ὅδε.

254 1744 292 1773 ut
307 1738 449 1785 supra]
550 1738 647 1772 Item
697 1739 737 1773 A
756 1743 842 1773 touz
861 1750 965 1772 ceaus
983 1739 1048 1785 qui
1079 1738 1187 1772 cestes
1215 1738 1337 1773 lettres
1355 1744 1500 1774 verront
1525 1752 1573 1774 ou
1591 1752 1646 1774 or-

252 1814 335 1844 ront
351 1809 517 1843 [Gilbert
543 1809 588 1843 de
620 1808 809 1856 Southeyk
835 1809 929 1844 saluz
946 1829 953 1837 ·
990 1810 1069 1844 Pur
1100 1821 1161 1843 ceo
1198 1811 1274 1857 [ege.
1301 1816 1341 1845 ut
1363 1811 1505 1858 supr-m]
1557 1811 1645 1846 Dor]

253 1884 329 1928 [ξε.
347 1884 385 1915 ut
403 1881 547 1927 supra]

257 2014 372 2057 Anno
398 2026 433 2056 et
466 2022 654 2057 Indictone
680 2024 878 2070 prenotatis
899 2024 1026 2058 menfis
1044 2023 1132 2069 Julij
1165 2024 1223 2058 die
1249 2024 1416 2058 vicefimo
1433 2035 1529 2058 nono
1546 2036 1553 2058 l
1570 2023 1647 2059 loco

256 2093 423 2140 proximo
440 2093 588 2139 supffdeo
602 2106 609 2128 l
624 2094 819 2140 presentib3
836 2108 846 2128 s
863 2095 942 2128 dhis
958 2108 969 2128 l
983 2083 1112 2129 Wal‘Po
1140 2094 1185 2128 de
1213 2094 1315 2129 Bello
1345 2094 1484 2140 Campo
1499 2108 1510 2129 s
1525 2094 1645 2129 Thoffi

257 2164 302 2199 de
321 2164 499 2210 Bigenore
513 2176 520 2198 l
538 2168 574 2198 et
603 2164 627 2198 J
631 2164 698 2198 ohe
724 2164 834 2199 Mer-T<
862 2164 1014 2209 militib5
1032 2177 1039 2199 l
1056 2176 1140 2199 cum
1168 2164 1244 2199 aliis
1274 2164 1491 2211 q‘smplurib3
1520 2170 1556 2200 et
1585 2177 1645 2200 me

257 2235 397 2270 Notafs
412 2235 594 2269 Henricus
628 2235 688 2269 des
723 2235 815 2271 Cor!
833 2235 944 2270 Johes
979 2236 1157 2270 VVichard
1184 2235 1242 2270 del
1277 2235 1437 2270 Miernes
1451 2249 1462 2270 l
1477 2236 1645 2271 Andreas

259 2306 451 2342 Godefridi
468 2306 514 2341 de
531 2306 608 2342 Ros
623 2319 635 2341 s
648 2306 858 2346 Alexander
883 2307 928 2342 de
952 2307 1166 2354 Hoggestofi
1181 2320 1188 2343 ι
1205 2312 1241 2342 et
1258 2307 1372 2343 Wifls
1389 2307 1434 2342 de
1451 2307 1619 2344 Tattenel
1631 2321 1644 2343 l
