1881 2723
935 227 981 261 90

277 325 342 372 qui
365 326 472 361 cestes
497 326 618 361 lettres
644 334 790 362 verront
817 340 865 362 ou
894 333 1017 363 orront
1046 328 1174 363 Nicole
1200 328 1245 363 de
1271 328 1304 364 la
1332 329 1437 377 Haye
1463 328 1656 366 Cl1iualer1

278 396 372 431 saluz
387 416 396 426 ·
448 397 522 432 Pur
538 410 600 432 ceo
617 411 662 445 qe
674 398 734 444 jeo
752 399 791 433 su
804 410 925 434 Venuz
944 401 962 433 zi
980 399 1014 434 la
1030 399 1080 434 foi
1093 413 1104 434 l
1117 402 1136 434 e
1154 401 1173 434 zi
1190 400 1222 434 la
1240 400 1391 434 volunte
1418 401 1468 435 du
1493 401 1669 436 tresnoble

279 468 411 502 Prince
427 480 513 503 mon
531 469 628 503 chier
643 469 819 516 Seigneur
833 470 992 505 Edward
1005 483 1068 517 par
1081 470 1115 504 la
1127 482 1230 517 grace
1245 471 1345 505 Dieu
1356 471 1429 506 Roi
1445 458 1667 518 DenglePret

282 539 457 586 Seigneur
483 540 639 574 Dirland
653 553 665 574 l
679 542 698 574 e
716 540 803 575 dues
833 541 1084 587 Daquitaigne
1097 554 1108 575 l
1121 541 1183 587 jeo
1212 545 1355 587 promet
1384 553 1453 588 pur
1470 542 1545 575 moi
1563 553 1582 575 e
1599 553 1670 587 pur

278 621 355 644 mes
372 609 465 644 heirs
490 611 548 645 sur
570 611 674 657 peine
702 611 746 645 de
774 623 849 645 cors
874 613 893 645 ἑ
918 611 1070 645 dauoirs
1085 613 1104 646 e
1121 612 1179 646 sur
1203 612 1285 657 qaent
1302 623 1347 658 qe
1371 623 1463 646 nous
1491 611 1669 658 peuffoms

279 692 434 716 encoure
449 693 519 727 tqe
548 693 640 716 nous
667 682 693 716 li
718 682 905 716 seruiroms
929 682 1013 716 bien
1031 683 1050 716 e
1068 682 1268 716 loiaument
1293 686 1416 716 contre
1441 686 1534 716 totes
1559 687 1668 729 gentz

281 752 347 798 qui
373 756 527 798 purront
540 753 643 786 viure
659 754 679 786 ἑ
696 753 807 786 morir
822 765 833 786 s
849 757 941 786 totes
959 752 1009 786 les
1026 753 1097 787 foiz
1115 765 1160 798 qe
1184 764 1276 787 nous
1301 754 1448 787 serroms
1473 753 1593 799 requis
1620 764 1669 787 ou

278 824 402 869 garniz
420 824 465 857 de
481 835 545 869 par
564 823 681 857 nostre
700 823 875 870 Seigneur
891 823 925 857 le
942 823 1015 857 Roi
1031 810 1235 870 Dengle‘Pre
1251 823 1431 858 auantdist
1447 836 1458 857 l
1473 835 1521 858 ou
1539 835 1603 869 par
1619 823 1670 857 ses

278 894 372 927 heirs
387 906 398 927 s
411 895 430 927 ἐ
444 905 488 939 qe
501 905 592 928 nous
610 894 688 929 leur
705 894 857 941 damage
881 906 927 928 ne
954 895 1111 929 sauroms
1129 907 1136 929 l
1154 907 1199 940 qe
1228 906 1320 929 nous
1345 894 1404 928 nel
1429 895 1670 929 destorbeoms

280 966 298 998 ’ἁ
325 969 382 998 tot
410 967 473 999 nfe
502 976 589 1011 poer
607 977 619 999 l
639 967 658 999 e
687 965 720 999 le
742 965 820 999 leur
836 965 989 999 faceoms
1008 966 1026 999 ἑ
1043 966 1158 999 sauoir
1171 985 1178 993 ·
1223 966 1257 1000 E
1277 966 1295 999 23.
1313 966 1420 1000 cestes
1438 965 1554 1000 choses
1576 965 1670 999 tenir

279 1047 298 1069 e
315 1036 444 1082 garder
458 1039 467 1071 Ξ
478 1036 539 1082 jeo
556 1036 676 1083 oblige
694 1037 768 1070 moi
786 1038 805 1070 e
823 1048 899 1070 mes
916 1035 1010 1069 heirs
1027 1038 1047 1070 e
1065 1040 1151 1070 touz
1176 1047 1240 1069 nos
1257 1037 1358 1070 biens
1373 1048 1380 1070 l
1397 1038 1416 1070 e
1434 1040 1539 1070 outre
1557 1047 1618 1070 ceo
1635 1036 1666 1069 ai

273 1108 334 1152 jeo
345 1107 449 1153 jurez
466 1108 525 1141 sur
544 1108 683 1143 Seintes
696 1107 910 1154 Eu‘ngeiles
959 1107 1020 1141 En
1035 1107 1301 1153 tesmoignance
1318 1107 1363 1141 de
1376 1119 1475 1153 queu
1493 1106 1595 1141 chose
1606 1106 1669 1152 Jeo

279 1179 311 1212 ai
328 1178 393 1213 fait
410 1179 498 1213 faire
515 1179 622 1213 cestes
648 1179 770 1213 lettres
791 1182 933 1213 ouertes
950 1178 1078 1213 sealees
1096 1178 1141 1212 de
1158 1190 1243 1212 mon
1264 1178 1343 1213 Seal
1356 1198 1364 1206 ·
1416 1178 1506 1212 Dofi
1534 1180 1612 1224 [ege
1630 1182 1673 1212 ut

278 1250 419 1296 supra]
521 1251 618 1284 Item
663 1251 703 1285 A
721 1255 808 1285 touz
827 1262 931 1284 ceaus
949 1250 1014 1296 qui
1034 1250 1140 1284 cestes
1167 1249 1290 1283 lettres
1307 1253 1455 1283 verront
1476 1261 1524 1284 ou
1549 1252 1672 1282 orront

278 1320 399 1355 Johan
424 1320 469 1354 de
495 1321 650 1355 Seincler
675 1321 720 1355 de
740 1321 997 1355 Hirmanestofi
1022 1320 1118 1354 saluz
1135 1340 1142 1348 ·
1182 1321 1260 1354 Pur
1285 1332 1348 1354 ceo
1375 1322 1449 1366 [ᾃο.
1471 1323 1509 1354 ut
1526 1319 1668 1366 supra]

280 1391 367 1426 Dofi
388 1393 463 1438 [ege.
481 1395 521 1425 ut
535 1391 676 1437 supra]
777 1391 872 1424 Item
886 1410 894 1418 ·
946 1390 986 1424 A
1003 1394 1089 1424 touz
1107 1401 1210 1424 ceaus
1228 1390 1293 1436 qui
1319 1390 1424 1424 cestes
1450 1389 1572 1424 lettres
1592 1401 1670 1424 ver-

279 1467 362 1496 ront
391 1474 439 1497 ou
462 1466 584 1496 orront
598 1475 609 1496 s
621 1461 777 1496 Andreu
796 1461 841 1495 de
860 1461 1028 1496 Chartres
1045 1460 1140 1495 saluz
1154 1481 1162 1489 ·
1200 1461 1278 1495 Pur
1295 1472 1357 1494 ceo
1375 1463 1452 1507 [ξε.
1470 1466 1509 1494 ut
1524 1460 1667 1507 supra]

279 1534 368 1568 Dofi
395 1536 468 1581 [836.
487 1539 526 1568 πί
541 1533 682 1580 supra]
783 1532 879 1566 Item
892 1552 901 1560 ·
952 1533 992 1566 A
1010 1536 1095 1566 touz
1122 1543 1225 1566 ceaus
1243 1532 1308 1578 qui
1326 1531 1434 1565 cestes
1451 1531 1574 1566 lettres
1592 1542 1668 1565 ver-

279 1609 362 1639 ront
389 1617 437 1639 ou
466 1608 589 1639 orront
608 1607 617 1639 Ξ
635 1603 802 1638 william
829 1603 874 1637 de
902 1602 1132 1638 Silkesworth
1160 1602 1255 1637 saluz
1272 1623 1281 1632 ·
1323 1603 1402 1637 Pur
1430 1613 1493 1636 ceo
1528 1604 1603 1648 [ege.
1629 1606 1671 1636 ut

279 1677 421 1724 supra]
474 1676 562 1710 Dofi
605 1678 678 1722 [ξε.
710 1680 750 1709 ut
764 1675 909 1722 supra]
1009 1674 1106 1708 Item
1155 1674 1195 1708 A
1225 1678 1311 1708 touz
1341 1685 1445 1708 ceaus
1473 1673 1537 1719 qui
1562 1672 1669 1707 cestes

278 1748 400 1781 lettres
417 1751 564 1782 verront
581 1758 629 1781 ou
647 1751 769 1780 orront
782 1759 793 1780 l
807 1745 1025 1780 Alisaundre
1044 1745 1089 1779 de
1108 1745 1224 1779 Erthe
1241 1744 1335 1779 saluz
1349 1764 1357 1773 ·
1408 1745 1488 1778 Pur
1505 1755 1566 1779 ceo
1590 1746 1667 1791 [ege.

279 1823 319 1853 ut
333 1818 473 1865 supra]
526 1818 614 1852 Dofi
634 1820 708 1864 [85⁶².
727 1820 766 1851 αἱ
782 1817 924 1863 Supra]
1025 1816 1122 1850 Item
1138 1836 1146 1845 ·
1197 1816 1237 1850 A
1254 1819 1340 1850 touz
1359 1826 1462 1850 ceaus
1480 1815 1545 1861 qui
1562 1815 1669 1849 cestes

276 1890 398 1923 lettres
423 1892 569 1923 verront
587 1899 635 1923 ou
653 1892 777 1922 orront
793 1900 804 1921 s
821 1886 962 1934 Hughe
988 1886 1108 1934 Rydel
1134 1886 1305 1921 chiualier
1318 1903 1328 1920 ι
1341 1886 1436 1921 saluz
1453 1907 1461 1915 ·
1500 1887 1579 1921 Pur
1607 1897 1669 1920 ceo

280 1963 354 2007 [430.
379 1965 421 1994 πί
436 1960 577 2006 supra]
630 1960 718 1993 Doii
751 1962 825 2006 [ᾃσ.
857 1964 899 1993 ut
921 1958 1063 2005 supr-ca]
1164 1959 1262 1993 Item
1311 1958 1351 1993 A
1379 1962 1465 1992 touz
1483 1967 1586 1991 ceaus
1604 1957 1669 2002 qui

280 2031 386 2065 cestes
411 2035 559 2064 verront
584 2042 632 2064 ou
660 2034 784 2064 orront
800 2042 807 2064 l
824 2030 845 2064 J
851 2029 945 2063 ohan
964 2030 1106 2075 Comyn
1124 2029 1170 2063 de
1189 2028 1424 2074 Scrael'burgh
1441 2027 1536 2062 saluz
1552 2046 1561 2056 ·
1587 2027 1667 2062 Pur

279 2113 339 2136 ceo
359 2104 434 2148 [ᾃσ.
452 2106 491 2135 ut
506 2101 648 2148 supra]
701 2101 789 2134 Dofi
810 2102 883 2146 [ege.
901 2104 940 2134 ut
957 2099 1099 2146 supra]

278 2234 393 2278 Anno
411 2242 490 2277 Dfii
517 2246 554 2276 et
581 2240 770 2275 Indicione
797 2239 994 2286 prenotatis
1009 2239 1110 2274 [loco
1141 2240 1309 2286 proximo
1336 2238 1546 2285 sup‘sscripto
1561 2250 1665 2285 spre-

276 2313 408 2359 sentib3
426 2325 434 2348 ι
451 2311 607 2357 nobiliby,
637 2311 722 2346 viris
738 2323 749 2345 s
765 2310 845 2345 dfiis
858 2323 870 2346 s
884 2310 1052 2346 Johanne
1079 2310 1237 2357 Tregotz
1255 2323 1266 2345 l
1282 2310 1449 2345 Waltero
1484 2310 1529 2345 de
1562 2309 1665 2345 Bello
