1881 2723
79 331 124 360 M.
144 333 191 363 13.

926 219 974 253 97

250 322 409 358 Herberf
425 321 470 356 de
488 320 719 355 Makeswelle
732 320 851 354 [saluz
868 340 875 348 ·
917 320 995 354 Pur
1012 331 1074 354 ceo
1107 322 1172 367 [23⁶
1200 325 1240 354 ut
1263 320 1405 366 supra]
1450 321 1539 355 Dofi
1567 324 1640 369 [55⁶-

248 398 289 428 πί
303 393 446 440 supra]
546 392 642 426 Item
659 412 666 419 ·
719 392 758 425 A
784 396 871 425 touz
898 403 1003 425 ceaus
1029 391 1093 437 qui
1124 391 1232 425 cestes
1257 391 1380 425 lettres
1415 396 1561 425 verront
1594 404 1640 427 ou

248 468 370 498 orront
387 464 434 499 {J
436 463 528 497 ohan
547 463 592 497 de
612 463 653 497 M
657 462 802 496 akswefl
821 462 992 496 Chiualer
1010 461 1105 496 saluz
1122 482 1129 489 ·
1158 462 1236 496 Pur
1254 473 1316 496 ceo
1343 464 1420 509 [ρξε’.
1440 467 1479 496 ut
1495 463 1640 509 supra]

247 535 334 570 Dofi
362 536 436 581 [230.
456 539 496 568 ut
510 534 655 580 supra]
756 534 851 568 Item
868 554 875 561 ·
928 534 967 567 A
986 538 1071 567 touz
1091 545 1194 568 ceaus
1212 533 1277 579 qui
1300 533 1407 567 cestes
1425 533 1546 568 lettres
1565 545 1642 569 ver-

247 610 331 640 ront
364 617 412 639 ou
442 604 773 639 orrontJWilliam
804 605 849 638 de
880 604 1065 639 Monhaut
1100 604 1297 639 Chiualers
1317 604 1434 639 saluz·
1473 605 1550 639 Pur
1577 617 1639 640 ceo

244 678 324 724 [effe.
343 681 383 711 nt
397 677 543 723 supra]
570 676 659 710 Dofi
690 677 771 723 [ἃς.
790 681 830 710 ut
844 675 986 722 supra]
1089 675 1185 729 Item
1201 696 1209 703 ·
1262 676 1301 710 A
1329 680 1416 710 touz
1447 687 1552 710 ceaus
1577 676 1642 723 qui

246 747 352 781 cestes
379 746 500 781 lettres
518 750 665 780 verront
687 758 735 780 ou
763 750 886 780 orront
906 746 1034 792 Heruy'*
1052 746 1097 780 de
1115 746 1312 780 Crambath
1333 746 1441 780 Dean
1462 747 1507 780 de
1526 747 1636 781 Dun-

245 817 368 852 keldin
383 830 391 852 l
405 817 499 852 saluz
513 838 522 846 ·
553 818 631 851 Pur
648 829 710 851 ceo
730 819 804 864 [23⁶2
819 823 858 852 ut
874 817 1018 864 supra]
1049 817 1135 852 Dofi
1156 819 1230 864 [30.
1246 822 1287 851 ut
1298 818 1440 865 supra]
1519 819 1615 852 Item
1632 838 1639 846 ·

244 889 283 923 A
301 893 387 923 touz
407 901 510 923 ceaus
535 889 600 935 qui
629 889 735 923 eestes
763 888 886 922 lettres
912 892 1059 922 verront
1089 900 1137 922 ou
1168 889 1452 923 orronthohan
1480 889 1513 923 16
1544 889 1639 924 Fiuz

245 960 442 1006 Randolph
459 960 504 994 de
522 960 715 1007 Petseotssvn
733 972 744 994 l
759 960 854 994 saluz
870 979 877 987 ·
908 960 984 994 Pur
1001 972 1063 994 ceo
1090 962 1167 1007 [ᾃσ.
1186 965 1226 994 ut
1241 960 1382 1006 supra]
1425 960 1512 994 Dofi
1526 964 1581 1008 (ξε.
1602 966 1643 996 ut

244 1031 387 1077 supra]
465 1031 582 1065 Item·
636 1032 673 1065 A
692 1035 779 1065 touz
800 1042 904 1065 ceaus
922 1031 987 1077 qui
1007 1031 1114 1065 cestes
1130 1031 1254 1066 lettres
1265 1035 1412 1066 verront
1426 1044 1473 1066 ou
1492 1036 1639 1067 orront}

246 1102 385 1136 Rober?
404 1101 450 1136 de
468 1101 652 1148 Walghop
668 1115 679 1136 s
691 1102 786 1136 saluz
802 1121 810 1130 ·
855 1102 933 1136 Pur
950 1114 1012 1136 ceo
1041 1104 1115 1148 [age.
1135 1107 1174 1136 ut
1190 1103 1333 1150 supra]
1379 1103 1467 1137 Dofi
1504 1107 1578 1151 [530-
1603 1109 1643 1138 ut

244 1173 389 1220 supra]
477 1173 572 1207 Item
589 1192 597 1200 ·
649 1173 687 1207 A
702 1177 789 1207 touz
804 1184 908 1207 ceaus
924 1173 989 1219 qui
1004 1173 1111 1207 cestes
1128 1173 1251 1208 lettres
1268 1178 1413 1208 verront
1431 1185 1479 1208 ou
1497 1178 1639 1210 orrontf

246 1243 386 1279 Rober?
410 1243 443 1278 16
460 1243 650 1278 Fauconer
666 1243 804 1278 [saluz·
842 1244 921 1277 Pur
946 1255 1008 1278 ceo
1044 1247 1118 1290 [250.
1138 1244 1334 1290 utsupra]
1387 1245 1476 1278 Dofi
1505 1248 1578 1292 [age.
1603 1251 1644 1280 nt

244 1315 388 1362 supra]
469 1314 564 1348 Item
581 1334 589 1342 ·
642 1315 681 1349 A
699 1318 786 1349 touz
804 1326 908 1350 ceaus
927 1315 992 1361 qui
1006 1314 1114 1349 cestes
1127 1314 1250 1349 lettres
1264 1319 1412 1349 verront
1425 1326 1473 1349 ou
1491 1320 1616 1350 orront
1629 1329 1641 1349 l

244 1385 412 1419 William
431 1385 541 1431 lnays
559 1385 654 1420 saluz
675 1406 683 1414 ·
735 1386 813 1420 Pur
831 1397 893 1419 ceo
914 1389 988 1432 [850.
1008 1390 1048 1420 αἱ
1062 1386 1206 1433 supra]
1237 1386 1323 1420 Dofi
1344 1389 1418 1433 [230.
1439 1392 1480 1421 ut
1494 1387 1637 1434 supra]

245 1457 342 1491 Item
358 1477 365 1485 ·
417 1457 457 1491 A
475 1461 561 1491 touz
581 1468 686 1491 eeaus
704 1457 769 1503 qui
797 1457 904 1490 cestes
934 1456 1057 1491 lettres
1074 1461 1221 1491 verront
1251 1469 1299 1492 ou
1317 1462 1441 1492 orront
1456 1470 1463 1493 l
1479 1458 1530 1492 les
1548 1458 1640 1493 Bur-

244 1530 331 1575 goys
349 1529 368 1561 ἑ
386 1527 419 1562 la
437 1527 671 1562 C6munaute
690 1528 735 1562 de
752 1528 785 1562 la
803 1528 876 1562 vile
893 1528 939 1562 de
957 1528 1132 1562 Abredeii
1149 1541 1156 1563 l
1171 1527 1267 1563 saluz
1283 1549 1290 1557 -
1320 1529 1398 1564 Pur
1414 1541 1476 1564 ceo
1490 1542 1535 1576 qe
1547 1542 1640 1564 nous

243 1600 362 1633 sumes
389 1611 509 1634 venuz
537 1600 556 1633 zi
581 1599 615 1633 la
640 1599 690 1633 foi
716 1601 735 1633 e'
761 1600 780 1633 zi
805 1599 839 1633 la
856 1599 1011 1634 uolunte
1030 1600 1081 1634 du
1100 1599 1277 1634 tresnoble
1295 1600 1427 1635 Prinee
1451 1603 1515 1636 nfe
1542 1600 1641 1635 chier

244 1670 422 1717 Seigneur
455 1670 616 1704 Edward
649 1683 714 1717 par
747 1670 781 1704 la
814 1683 919 1717 grace
954 1671 1048 1705 Dieu
1086 1670 1157 1705 Roi
1192 1658 1397 1718 DenglePre
1423 1685 1435 1706 l
1461 1672 1639 1719 Seigneur

243 1741 449 1776 Dirlandse
464 1742 567 1776 Dues
583 1742 833 1788 Daquitaigne
847 1754 855 1776 l
869 1754 961 1776 nous
979 1746 1219 1788 promettoms
1237 1755 1307 1789 pur
1325 1755 1417 1777 nous
1432 1755 1439 1777 l
1454 1745 1473 1777 e
1492 1755 1639 1794 pur-nos

244 1812 337 1845 lleirs
353 1824 364 1845 t
376 1812 434 1845 sur
463 1812 568 1857 peine
595 1812 640 1845 de
668 1824 744 1846 cors
762 1814 781 1846 ἑ
800 1812 928 1846 dauoir
944 1826 951 1847 l
968 1814 987 1846 ἑ
1013 1813 1072 1847 sur
1089 1814 1170 1859 q‘snt
1188 1826 1233 1859 qe
1259 1825 1351 1848 nous
1381 1813 1560 1859 peuss'oms
1578 1826 1638 1848 en-

245 1893 353 1917 coure
369 1895 380 1916 s
393 1894 438 1929 qe
455 1894 547 1917 nous
564 1882 590 1916 li
608 1883 796 1917 seruiroms
811 1896 818 1917 ι
835 1883 918 1917 bien
938 1885 957 1917 e‘
973 1883 1160 1918 leaument
1185 1889 1310 1918 contre
1335 1888 1428 1918 totes
1445 1889 1555 1930 gentz
1573 1885 1638 1931 qui

243 1958 397 2000 purront
430 1954 534 1988 viure
568 1956 587 1988 6
618 1954 754 1989 morirs
771 1959 864 1989 totes
891 1954 941 1989 les
969 1954 1042 1989 foiz
1074 1967 1120 2001 qe
1150 1966 1241 1990 nous
1266 1956 1416 1990 serroms
1441 1957 1563 2002 requis
1589 1968 1637 1991 ou

243 2025 368 2072 garniz
395 2025 440 2060 de
465 2037 528 2071 par
553 2028 616 2059 nFe
636 2025 812 2073 Seigneur
836 2025 870 2060 le
888 2026 962 2060 Roi
983 2013 1186 2073 Dengle‘Pre
1211 2026 1379 2061 auantdit
1395 2039 1468 2062 lou
1495 2039 1560 2074 par
1587 2028 1637 2062 ses

245 2096 337 2131 heirs
353 2109 360 2131 ι
378 2098 397 2132 e
415 2109 461 2143 qe
485 2108 577 2131 nous
602 2096 682 2131 leur
707 2097 858 2144 damage
882 2109 928 2132 ne
945 2098 1103 2132 sauroms
1119 2111 1130 2132 s
1146 2110 1191 2145 qe
1208 2110 1300 2133 nous
1318 2098 1377 2132 nel
1397 2099 1637 2134 destorbeoms·

243 2168 263 2201 25.
280 2172 336 2202 tot
352 2170 415 2202 n'fe
432 2179 518 2214 poer
535 2180 542 2202 l
557 2170 576 2202 6
602 2167 635 2202 16
660 2167 740 2203 leur
756 2167 911 2202 faceoms
929 2169 948 2202 ai
967 2168 1081 2203 sauoir
1096 2188 1104 2196 -
1144 2153 1178 2203 E
1199 2169 1218 2203 ᾗ
1236 2169 1343 2204 cestes
1360 2170 1479 2204 choses
1506 2171 1600 2205 tenir
1617 2172 1636 2204 ό

244 2238 372 2284 garder
387 2241 396 2273 Ξ
410 2250 501 2273 nous
527 2239 727 2286 obligeoms
753 2251 844 2274 nous
871 2242 890 2275 6
917 2252 981 2274 nos
999 2240 1091 2275 heirs
1108 2253 1119 2274 l
1131 2242 1151 2275 6
1169 2245 1256 2275 touz
1275 2253 1340 2276 nos
1356 2242 1457 2276 biens
1471 2254 1482 2276 s
1495 2243 1514 2275 e‘
1532 2246 1636 2275 outre

244 2319 308 2343 ceo
326 2320 451 2344 auoms
462 2311 567 2356 jurez
592 2311 651 2346 sur
671 2312 798 2346 seintes
817 2311 1031 2358 Eu‘fngeiles
1044 2332 1052 2341 ·
1096 2312 1157 2347 En
1183 2313 1449 2360 tesmoignance
1475 2312 1519 2346 de
1537 2324 1632 2358 quen

922 2393 951 2417 N
